wss://fstream.binance.com/stream?streams=sushiusdt@aggTrade/akrousdt@aggTrade/keepusdt@aggTrade/ctkusdt@aggTrade/sushiusdt@depth@100ms/akrousdt@depth@100ms/keepusdt@depth@100ms/ctkusdt@depth@100ms/sushiusdt@kline_1m/akrousdt@kline_1m/keepusdt@kline_1m/ctkusdt@kline_1m/sushiusdt@bookTicker/akrousdt@bookTicker/keepusdt@bookTicker/ctkusdt@bookTicker <-> 1626992740.179554
1626992741.06217: {"stream":"sushiusdt@bookTicker","data":{"e":"bookTicker","u":600859600576,"s":"SUSHIUSDT","b":"7.6110","B":"2","a":"7.6120","A":"297","T":1626992741012,"E":1626992741017}}
1626992741.081672: {"stream":"sushiusdt@depth@100ms","data":{"e":"depthUpdate","E":1626992741037,"T":1626992741024,"s":"SUSHIUSDT","U":600859599090,"u":600859600917,"pu":600859598061,"b":[["7.5040","813"],["7.6090","0"],["7.6110","2"]],"a":[["7.6150","1563"],["7.6220","3284"]]}}
1626992741.3105128: {"stream":"akrousdt@depth@100ms","data":{"e":"depthUpdate","E":1626992741077,"T":1626992740974,"s":"AKROUSDT","U":600859599831,"u":600859599831,"pu":600859598737,"b":[],"a":[["0.01737","437848"]]}}
1626992741.481688: {"stream":"sushiusdt@depth@100ms","data":{"e":"depthUpdate","E":1626992741140,"T":1626992741123,"s":"SUSHIUSDT","U":600859601193,"u":600859602861,"pu":600859600917,"b":[["7.5980","1433"],["7.6000","3995"],["7.6030","648"],["7.6050","1234"],["7.6100","7"]],"a":[["7.6170","534"]]}}
1626992741.481712: {"stream":"keepusdt@depth@100ms","data":{"e":"depthUpdate","E":1626992741142,"T":1626992741093,"s":"KEEPUSDT","U":600859601246,"u":600859602316,"pu":600859581808,"b":[["0.2443","3688"],["0.2445","72866"]],"a":[["0.2465","0"]]}}
1626992742.115394: {"stream":"sushiusdt@bookTicker","data":{"e":"bookTicker","u":600859603936,"s":"SUSHIUSDT","b":"7.6110","B":"6","a":"7.6120","A":"297","T":1626992741163,"E":1626992741167}}
1626992742.115438: {"stream":"ctkusdt@depth@100ms","data":{"e":"depthUpdate","E":1626992741203,"T":1626992741156,"s":"CTKUSDT","U":600859602414,"u":600859603788,"pu":600859587990,"b":[["1.00600","14217"]],"a":[["1.01300","17718"],["1.01500","20835"]]}}
1626992742.28941: {"stream":"keepusdt@depth@100ms","data":{"e":"depthUpdate","E":1626992741252,"T":1626992741145,"s":"KEEPUSDT","U":600859603268,"u":600859603268,"pu":600859602316,"b":[],"a":[["0.2465","812"]]}}
1626992742.2894342: {"stream":"sushiusdt@depth@100ms","data":{"e":"depthUpdate","E":1626992741254,"T":1626992741208,"s":"SUSHIUSDT","U":600859603343,"u":600859604824,"pu":600859602861,"b":[["7.5930","3291"],["7.6030","771"],["7.6060","581"],["7.6070","285"],["7.6080","161"],["7.6100","0"],["7.6110","6"]],"a":[["7.6180","1632"],["7.6300","3145"],["7.6340","1006"],["7.6790","71"]]}}
1626992742.289448: {"stream":"akrousdt@depth@100ms","data":{"e":"depthUpdate","E":1626992741257,"T":1626992741238,"s":"AKROUSDT","U":600859603597,"u":600859605486,"pu":600859599831,"b":[["0.01730","183887"]],"a":[["0.01736","874535"]]}}
1626992742.2894888: {"stream":"ctkusdt@depth@100ms","data":{"e":"depthUpdate","E":1626992741312,"T":1626992741262,"s":"CTKUSDT","U":600859604807,"u":600859605954,"pu":600859603788,"b":[["1.00600","14217"]],"a":[["1.01500","20835"]]}}
1626992742.289501: {"stream":"sushiusdt@depth@100ms","data":{"e":"depthUpdate","E":1626992741364,"T":1626992741335,"s":"SUSHIUSDT","U":600859605926,"u":600859607423,"pu":600859604824,"b":[["7.5600","478"],["7.5840","2164"],["7.5940","3737"],["7.6030","751"]],"a":[["7.6170","1324"],["7.6200","674"],["7.6240","2806"],["7.6320","240"],["7.6440","4418"],["7.6500","590"]]}}
1626992742.28955: {"stream":"keepusdt@depth@100ms","data":{"e":"depthUpdate","E":1626992741379,"T":1626992741354,"s":"KEEPUSDT","U":600859606259,"u":600859607807,"pu":600859603268,"b":[["0.2438","5105"],["0.2456","17662"],["0.2457","15918"]],"a":[["0.2465","812"]]}}
1626992742.28956: {"stream":"ctkusdt@depth@100ms","data":{"e":"depthUpdate","E":1626992741415,"T":1626992741362,"s":"CTKUSDT","U":600859606973,"u":600859607977,"pu":600859605954,"b":[["1.00600","14217"]],"a":[["1.01500","20835"]]}}
1626992742.2895691: {"stream":"ctkusdt@kline_1m","data":{"e":"kline","E":1626992741424,"s":"CTKUSDT","k":{"t":1626992700000,"T":1626992759999,"s":"CTKUSDT","i":"1m","f":23961275,"L":23961322,"o":"1.01000","c":"1.01100","h":"1.01100","l":"1.01000","v":"3917","n":48,"x":false,"q":"3957.89900","V":"1729","Q":"1748.01900","B":"0"}}}
1626992742.289597: {"stream":"ctkusdt@bookTicker","data":{"e":"bookTicker","u":600859609004,"s":"CTKUSDT","b":"1.01000","B":"85782","a":"1.01100","A":"6483","T":1626992741421,"E":1626992741429}}
1626992742.289614: {"stream":"sushiusdt@depth@100ms","data":{"e":"depthUpdate","E":1626992741467,"T":1626992741441,"s":"SUSHIUSDT","U":600859607950,"u":600859609417,"pu":600859607423,"b":[["7.5300","3027"],["7.5600","3539"],["7.5610","1326"],["7.5840","3665"],["7.5940","3717"],["7.6030","771"],["7.6080","202"]],"a":[["7.6220","3284"],["7.6230","4205"],["7.6240","2826"],["7.6320","220"],["7.6440","5887"],["7.6500","3559"],["7.6590","633"],["7.6680","2599"],["7.7100","1237"]]}}
1626992742.289674: {"stream":"ctkusdt@depth@100ms","data":{"e":"depthUpdate","E":1626992741515,"T":1626992741485,"s":"CTKUSDT","U":600859608797,"u":600859610151,"pu":600859607977,"b":[["1.00600","9269"],["1.01400","0"]],"a":[["1.01100","6483"],["1.01500","15887"]]}}
1626992742.289684: {"stream":"akrousdt@depth@100ms","data":{"e":"depthUpdate","E":1626992741559,"T":1626992741467,"s":"AKROUSDT","U":600859609657,"u":600859609902,"pu":600859605486,"b":[["0.01714","1474950"]],"a":[]}}
1626992742.2897038: {"stream":"sushiusdt@depth@100ms","data":{"e":"depthUpdate","E":1626992741573,"T":1626992741546,"s":"SUSHIUSDT","U":600859609903,"u":600859611095,"pu":600859609417,"b":[["7.5750","5089"],["7.6000","4045"],["7.6040","129"],["7.6080","209"]],"a":[["7.6220","4643"],["7.6230","2846"],["7.6470","3931"]]}}
1626992742.289739: {"stream":"ctkusdt@aggTrade","data":{"e":"aggTrade","E":1626992741575,"a":16599292,"s":"CTKUSDT","p":"1.01100","q":"10","f":23961322,"l":23961322,"T":1626992741421,"m":false}}
1626992742.289757: {"stream":"akrousdt@depth@100ms","data":{"e":"depthUpdate","E":1626992741664,"T":1626992741585,"s":"AKROUSDT","U":600859611301,"u":600859611654,"pu":600859609902,"b":[["0.01724","641929"],["0.01725","955685"]],"a":[]}}
1626992742.28978: {"stream":"sushiusdt@depth@100ms","data":{"e":"depthUpdate","E":1626992741703,"T":1626992741672,"s":"SUSHIUSDT","U":600859611803,"u":600859613122,"pu":600859611095,"b":[["7.6000","3995"],["7.6030","821"],["7.6050","1953"],["7.6060","613"],["7.6070","349"]],"a":[["7.6160","2007"],["7.6180","1308"]]}}
1626992742.289814: {"stream":"sushiusdt@depth@100ms","data":{"e":"depthUpdate","E":1626992741816,"T":1626992741802,"s":"SUSHIUSDT","U":600859613954,"u":600859615762,"pu":600859613122,"b":[["7.6010","2353"],["7.6040","460"],["7.6060","203"],["7.6070","255"],["7.6080","209"]],"a":[["7.6170","2060"],["7.6200","1464"],["7.6220","3284"],["7.6230","4205"]]}}
1626992742.289852: {"stream":"akrousdt@depth@100ms","data":{"e":"depthUpdate","E":1626992741880,"T":1626992741846,"s":"AKROUSDT","U":600859615248,"u":600859616677,"pu":600859611654,"b":[["0.01724","678101"],["0.01725","919534"]],"a":[["0.01737","426900"],["0.01741","291748"],["0.01742","206748"]]}}
1626992742.289886: {"stream":"ctkusdt@depth@100ms","data":{"e":"depthUpdate","E":1626992741880,"T":1626992741836,"s":"CTKUSDT","U":600859615246,"u":600859616469,"pu":600859610151,"b":[["1.00600","14217"]],"a":[["1.01300","17472"],["1.01500","20835"]]}}
1626992742.289897: {"stream":"sushiusdt@depth@100ms","data":{"e":"depthUpdate","E":1626992741949,"T":1626992741890,"s":"SUSHIUSDT","U":600859616612,"u":600859617450,"pu":600859615762,"b":[["3.8060","0"]],"a":[["7.6160","3533"],["7.6170","534"],["7.6240","3014"]]}}
1626992742.289922: {"stream":"ctkusdt@depth@100ms","data":{"e":"depthUpdate","E":1626992741983,"T":1626992741972,"s":"CTKUSDT","U":600859617271,"u":600859618836,"pu":600859616469,"b":[["1.00600","9269"],["1.00900","14455"]],"a":[["1.01200","11149"],["1.01500","15887"]]}}
1626992742.289949: {"stream":"akrousdt@depth@100ms","data":{"e":"depthUpdate","E":1626992741991,"T":1626992741973,"s":"AKROUSDT","U":600859617409,"u":600859618858,"pu":600859616677,"b":[["0.01728","772928"],["0.01729","742325"],["0.01730","153887"]],"a":[]}}
1626992742.289977: {"stream":"keepusdt@depth@100ms","data":{"e":"depthUpdate","E":1626992742029,"T":1626992742012,"s":"KEEPUSDT","U":600859618057,"u":600859619434,"pu":600859607807,"b":[["0.2350","26711"]],"a":[["0.2465","812"]]}}
1626992742.289999: {"stream":"sushiusdt@depth@100ms","data":{"e":"depthUpdate","E":1626992742066,"T":1626992742050,"s":"SUSHIUSDT","U":600859618572,"u":600859620017,"pu":600859617450,"b":[["7.5760","2478"],["7.6080","230"]],"a":[["7.6160","3209"]]}}
1626992742.290022: {"stream":"akrousdt@depth@100ms","data":{"e":"depthUpdate","E":1626992742092,"T":1626992742071,"s":"AKROUSDT","U":600859619076,"u":600859620192,"pu":600859618858,"b":[["0.01724","695656"],["0.01725","901990"],["0.01727","1133143"]],"a":[]}}
1626992742.290046: {"stream":"akrousdt@kline_1m","data":{"e":"kline","E":1626992742139,"s":"AKROUSDT","k":{"t":1626992700000,"T":1626992759999,"s":"AKROUSDT","i":"1m","f":27931328,"L":27931348,"o":"0.01731","c":"0.01731","h":"0.01733","l":"0.01731","v":"156058","n":21,"x":false,"q":"2702.20770","V":"68508","Q":"1186.71720","B":"0"}}}
1626992742.290069: {"stream":"akrousdt@bookTicker","data":{"e":"bookTicker","u":600859621226,"s":"AKROUSDT","b":"0.01731","B":"57306","a":"0.01732","A":"72524","T":1626992742134,"E":1626992742140}}
1626992742.2900841: {"stream":"sushiusdt@depth@100ms","data":{"e":"depthUpdate","E":1626992742235,"T":1626992742205,"s":"SUSHIUSDT","U":600859621087,"u":600859622865,"pu":600859620017,"b":[["7.6040","129"],["7.6080","237"]],"a":[["7.6490","12589"],["7.6890","2925"]]}}
1626992742.290396: {"stream":"akrousdt@depth@100ms","data":{"e":"depthUpdate","E":1626992742240,"T":1626992742197,"s":"AKROUSDT","U":600859621222,"u":600859622706,"pu":600859620192,"b":[["0.01727","1271644"],["0.01728","633891"],["0.01731","57306"]],"a":[["0.01731","0"],["0.01736","943461"],["0.01737","357242"],["0.01738","1028223"]]}}
1626992742.334986: {"stream":"akrousdt@aggTrade","data":{"e":"aggTrade","E":1626992742291,"a":14888302,"s":"AKROUSDT","p":"0.01731","q":"312","f":27931348,"l":27931348,"T":1626992742134,"m":true}}
1626992742.384615: {"stream":"akrousdt@depth@100ms","data":{"e":"depthUpdate","E":1626992742340,"T":1626992742292,"s":"AKROUSDT","U":600859623427,"u":600859624403,"pu":600859622706,"b":[["0.01727","1235427"],["0.01728","670087"]],"a":[["0.01754","176629"]]}}
1626992742.3879738: {"stream":"ctkusdt@depth@100ms","data":{"e":"depthUpdate","E":1626992742342,"T":1626992742237,"s":"CTKUSDT","U":600859623471,"u":600859623471,"pu":600859618836,"b":[["0.98100","11355"]],"a":[]}}
1626992742.396429: {"stream":"akrousdt@bookTicker","data":{"e":"bookTicker","u":600859625483,"s":"AKROUSDT","b":"0.01731","B":"57306","a":"0.01732","A":"74607","T":1626992742347,"E":1626992742351}}
1626992742.400584: {"stream":"sushiusdt@depth@100ms","data":{"e":"depthUpdate","E":1626992742356,"T":1626992742273,"s":"SUSHIUSDT","U":600859623709,"u":600859624129,"pu":600859622865,"b":[],"a":[["7.6150","1502"],["7.6180","1632"]]}}
1626992742.4931378: {"stream":"akrousdt@depth@100ms","data":{"e":"depthUpdate","E":1626992742448,"T":1626992742409,"s":"AKROUSDT","U":600859625421,"u":600859626824,"pu":600859624403,"b":[["0.01727","1271644"],["0.01728","633891"]],"a":[["0.01732","74607"],["0.01736","943446"],["0.01737","357242"],["0.01739","1111678"],["0.01768","54694"]]}}
1626992742.51103: {"stream":"keepusdt@depth@100ms","data":{"e":"depthUpdate","E":1626992742465,"T":1626992742450,"s":"KEEPUSDT","U":600859625705,"u":600859627652,"pu":600859619434,"b":[["0.2398","181"]],"a":[["0.2465","812"]]}}
1626992742.524482: {"stream":"sushiusdt@depth@100ms","data":{"e":"depthUpdate","E":1626992742480,"T":1626992742469,"s":"SUSHIUSDT","U":600859626100,"u":600859628043,"pu":600859624129,"b":[["3.8060","26"],["7.5420","227"],["7.5430","3399"],["7.5600","3479"],["7.5610","1386"],["7.5760","2009"],["7.5770","1335"],["7.6080","237"]],"a":[["7.6430","2761"],["7.6450","1324"],["7.6490","12557"],["7.6590","633"],["7.6770","3706"],["7.6790","540"]]}}
1626992742.610713: {"stream":"akrousdt@depth@100ms","data":{"e":"depthUpdate","E":1626992742567,"T":1626992742462,"s":"AKROUSDT","U":600859627889,"u":600859627889,"pu":600859626824,"b":[],"a":[["0.01739","903107"]]}}
1626992742.720344: {"stream":"akrousdt@depth@100ms","data":{"e":"depthUpdate","E":1626992742674,"T":1626992742583,"s":"AKROUSDT","U":600859629894,"u":600859630152,"pu":600859627889,"b":[],"a":[["0.01739","1111844"],["0.01770","148789"]]}}
1626992742.740339: {"stream":"sushiusdt@depth@100ms","data":{"e":"depthUpdate","E":1626992742696,"T":1626992742682,"s":"SUSHIUSDT","U":600859630298,"u":600859632018,"pu":600859628043,"b":[["7.5600","478"],["7.5840","2164"],["7.5930","3155"],["7.5940","585"],["7.5960","4292"],["7.6030","801"]],"a":[["7.6200","1601"],["7.6220","3147"],["7.6240","2994"],["7.6440","4418"],["7.6500","590"],["7.6640","2698"]]}}
1626992742.740546: {"stream":"keepusdt@bookTicker","data":{"e":"bookTicker","u":600859632247,"s":"KEEPUSDT","b":"0.2459","B":"1490","a":"0.2464","A":"317","T":1626992742693,"E":1626992742697}}
1626992742.7408798: {"stream":"sushiusdt@bookTicker","data":{"e":"bookTicker","u":600859632276,"s":"SUSHIUSDT","b":"7.6110","B":"7","a":"7.6120","A":"297","T":1626992742695,"E":1626992742699}}
1626992742.750103: {"stream":"keepusdt@bookTicker","data":{"e":"bookTicker","u":600859632369,"s":"KEEPUSDT","b":"0.2463","B":"3155","a":"0.2464","A":"317","T":1626992742700,"E":1626992742707}}
1626992742.760793: {"stream":"ctkusdt@kline_1m","data":{"e":"kline","E":1626992742718,"s":"CTKUSDT","k":{"t":1626992700000,"T":1626992759999,"s":"CTKUSDT","i":"1m","f":23961275,"L":23961323,"o":"1.01000","c":"1.01100","h":"1.01100","l":"1.01000","v":"3927","n":49,"x":false,"q":"3968.00900","V":"1739","Q":"1758.12900","B":"0"}}}
1626992742.762948: {"stream":"ctkusdt@bookTicker","data":{"e":"bookTicker","u":600859632653,"s":"CTKUSDT","b":"1.01000","B":"85782","a":"1.01100","A":"6473","T":1626992742715,"E":1626992742718}}
1626992742.781861: {"stream":"ctkusdt@depth@100ms","data":{"e":"depthUpdate","E":1626992742737,"T":1626992742715,"s":"CTKUSDT","U":600859631050,"u":600859632653,"pu":600859623471,"b":[["1.00300","5766"],["1.00600","14217"],["1.01400","0"]],"a":[["1.01100","6473"],["1.01500","20835"]]}}
1626992742.805907: {"stream":"sushiusdt@bookTicker","data":{"e":"bookTicker","u":600859633461,"s":"SUSHIUSDT","b":"7.6110","B":"23","a":"7.6120","A":"297","T":1626992742755,"E":1626992742761}}
1626992742.841134: {"stream":"keepusdt@depth@100ms","data":{"e":"depthUpdate","E":1626992742797,"T":1626992742771,"s":"KEEPUSDT","U":600859632247,"u":600859633700,"pu":600859627652,"b":[["0.2448","8461"],["0.2449","23953"],["0.2456","21760"],["0.2457","11820"],["0.2463","3155"]],"a":[["0.2465","0"],["0.2466","1248"]]}}
1626992742.8441541: {"stream":"sushiusdt@depth@100ms","data":{"e":"depthUpdate","E":1626992742799,"T":1626992742780,"s":"SUSHIUSDT","U":600859632276,"u":600859633823,"pu":600859632018,"b":[["7.6010","2283"],["7.6020","1385"],["7.6080","209"],["7.6090","28"],["7.6110","23"]],"a":[["7.6210","2138"],["7.6220","3277"],["7.6490","12589"],["7.6750","902"]]}}
1626992742.899214: {"stream":"akrousdt@depth@100ms","data":{"e":"depthUpdate","E":1626992742834,"T":1626992742771,"s":"AKROUSDT","U":600859632937,"u":600859633696,"pu":600859630152,"b":[],"a":[["0.01738","1017279"],["0.01830","1108967"]]}}
1626992742.902057: {"stream":"ctkusdt@depth@100ms","data":{"e":"depthUpdate","E":1626992742839,"T":1626992742791,"s":"CTKUSDT","U":600859633007,"u":600859634010,"pu":600859632653,"b":[["1.00600","14453"],["1.00700","10765"]],"a":[["1.01500","20835"]]}}
1626992742.914284: {"stream":"ctkusdt@aggTrade","data":{"e":"aggTrade","E":1626992742869,"a":16599293,"s":"CTKUSDT","p":"1.01100","q":"10","f":23961323,"l":23961323,"T":1626992742715,"m":false}}
1626992742.924844: {"stream":"ctkusdt@bookTicker","data":{"e":"bookTicker","u":600859635329,"s":"CTKUSDT","b":"1.01000","B":"85782","a":"1.01100","A":"6695","T":1626992742874,"E":1626992742879}}
1626992742.968535: {"stream":"keepusdt@depth@100ms","data":{"e":"depthUpdate","E":1626992742924,"T":1626992742817,"s":"KEEPUSDT","U":600859634370,"u":600859634370,"pu":600859633700,"b":[["0.2443","5160"]],"a":[]}}
1626992742.9686668: {"stream":"sushiusdt@depth@100ms","data":{"e":"depthUpdate","E":1626992742924,"T":1626992742862,"s":"SUSHIUSDT","U":600859634374,"u":600859635105,"pu":600859633823,"b":[["7.6060","335"]],"a":[["7.6640","2542"]]}}
1626992742.987565: {"stream":"ctkusdt@depth@100ms","data":{"e":"depthUpdate","E":1626992742944,"T":1626992742930,"s":"CTKUSDT","U":600859634747,"u":600859636212,"pu":600859634010,"b":[["1.00600","9505"]],"a":[["1.01100","6695"],["1.01500","20835"]]}}
1626992743.07383: {"stream":"akrousdt@depth@100ms","data":{"e":"depthUpdate","E":1626992743029,"T":1626992742925,"s":"AKROUSDT","U":600859636147,"u":600859636147,"pu":600859633696,"b":[],"a":[["0.01823","755935"]]}}
1626992743.0857012: {"stream":"sushiusdt@depth@100ms","data":{"e":"depthUpdate","E":1626992743039,"T":1626992742946,"s":"SUSHIUSDT","U":600859636243,"u":600859636440,"pu":600859635105,"b":[["7.5600","3479"],["7.5840","3665"],["7.6000","2391"],["7.6010","3850"],["7.6030","821"]],"a":[["7.6240","3014"],["7.6440","5887"],["7.6500","3559"]]}}
1626992743.120369: {"stream":"ctkusdt@depth@100ms","data":{"e":"depthUpdate","E":1626992743074,"T":1626992743028,"s":"CTKUSDT","U":600859636711,"u":600859637761,"pu":600859636212,"b":[["1.00600","9505"]],"a":[["1.01500","20835"]]}}
1626992743.176419: {"stream":"akrousdt@depth@100ms","data":{"e":"depthUpdate","E":1626992743131,"T":1626992743026,"s":"AKROUSDT","U":600859637750,"u":600859637750,"pu":600859636147,"b":[["0.01685","457106"]],"a":[]}}
1626992743.192523: {"stream":"sushiusdt@depth@100ms","data":{"e":"depthUpdate","E":1626992743149,"T":1626992743116,"s":"SUSHIUSDT","U":600859638056,"u":600859638886,"pu":600859636440,"b":[["7.6000","3958"],["7.6010","2283"],["7.6020","1061"],["7.6030","1145"],["7.6080","202"]],"a":[["7.6220","4683"],["7.6230","2846"]]}}
1626992743.231433: {"stream":"ctkusdt@depth@100ms","data":{"e":"depthUpdate","E":1626992743185,"T":1626992743177,"s":"CTKUSDT","U":600859638490,"u":600859640198,"pu":600859637761,"b":[["1.00900","14528"]],"a":[["1.01500","15887"]]}}
1626992743.294283: {"stream":"sushiusdt@depth@100ms","data":{"e":"depthUpdate","E":1626992743250,"T":1626992743231,"s":"SUSHIUSDT","U":600859639496,"u":600859641199,"pu":600859638886,"b":[["7.6000","2391"],["7.6010","3820"],["7.6020","1061"],["7.6040","457"],["7.6080","209"]],"a":[["7.6490","12557"]]}}
1626992743.337534: {"stream":"akrousdt@depth@100ms","data":{"e":"depthUpdate","E":1626992743291,"T":1626992743190,"s":"AKROUSDT","U":600859640391,"u":600859640425,"pu":600859637750,"b":[["0.01715","613323"]],"a":[]}}
1626992743.402935: {"stream":"sushiusdt@depth@100ms","data":{"e":"depthUpdate","E":1626992743357,"T":1626992743342,"s":"SUSHIUSDT","U":600859641542,"u":600859643454,"pu":600859641199,"b":[["7.6010","3820"],["7.6020","1339"],["7.6040","129"]],"a":[["7.6180","1435"],["7.6200","1851"],["7.6240","2826"],["7.6620","593"]]}}
1626992743.441356: {"stream":"keepusdt@depth@100ms","data":{"e":"depthUpdate","E":1626992743397,"T":1626992743385,"s":"KEEPUSDT","U":600859642305,"u":600859644386,"pu":600859634370,"b":[["0.2399","19599"]],"a":[["0.2466","1248"]]}}
1626992743.480968: {"stream":"akrousdt@depth@100ms","data":{"e":"depthUpdate","E":1626992743437,"T":1626992743422,"s":"AKROUSDT","U":600859643146,"u":600859645184,"pu":600859640425,"b":[["0.01726","457314"],["0.01730","106887"]],"a":[]}}
1626992743.542628: {"stream":"sushiusdt@depth@100ms","data":{"e":"depthUpdate","E":1626992743499,"T":1626992743480,"s":"SUSHIUSDT","U":600859644640,"u":600859646316,"pu":600859643454,"b":[["7.5980","1433"],["7.5990","655"],["7.6000","2391"],["7.6010","3860"],["7.6080","209"]],"a":[["7.6130","665"],["7.6150","1014"]]}}
1626992743.5785449: {"stream":"keepusdt@depth@100ms","data":{"e":"depthUpdate","E":1626992743532,"T":1626992743425,"s":"KEEPUSDT","U":600859645270,"u":600859645270,"pu":600859644386,"b":[],"a":[["0.2589","0"]]}}
1626992743.6379762: {"stream":"akrousdt@depth@100ms","data":{"e":"depthUpdate","E":1626992743595,"T":1626992743489,"s":"AKROUSDT","U":600859646460,"u":600859646460,"pu":600859645184,"b":[["0.01726","516729"]],"a":[]}}
1626992743.6685739: {"stream":"sushiusdt@depth@100ms","data":{"e":"depthUpdate","E":1626992743622,"T":1626992743530,"s":"SUSHIUSDT","U":600859646885,"u":600859647094,"pu":600859646316,"b":[["7.5750","3589"],["7.6000","3928"],["7.6010","2323"]],"a":[["7.6470","2431"]]}}
1626992743.722871: {"stream":"keepusdt@depth@100ms","data":{"e":"depthUpdate","E":1626992743678,"T":1626992743662,"s":"KEEPUSDT","U":600859647746,"u":600859649155,"pu":600859645270,"b":[["0.2396","36727"],["0.2399","10025"]],"a":[["0.2466","1248"],["0.2529","18563"]]}}
1626992743.829213: {"stream":"akrousdt@depth@100ms","data":{"e":"depthUpdate","E":1626992743784,"T":1626992743679,"s":"AKROUSDT","U":600859649496,"u":600859649496,"pu":600859646460,"b":[],"a":[["0.01737","368191"]]}}
1626992743.860758: {"stream":"sushiusdt@depth@100ms","data":{"e":"depthUpdate","E":1626992743816,"T":1626992743804,"s":"SUSHIUSDT","U":600859650094,"u":600859651899,"pu":600859647094,"b":[["7.5990","675"],["7.6000","3943"],["7.6010","2233"],["7.6060","257"],["7.6080","209"]],"a":[["7.6200","1926"],["7.6240","3014"],["7.6490","12589"],["8.0990","542"]]}}
1626992743.927226: {"stream":"ctkusdt@depth@100ms","data":{"e":"depthUpdate","E":1626992743883,"T":1626992743835,"s":"CTKUSDT","U":600859651458,"u":600859652389,"pu":600859640198,"b":[["1.00600","14453"],["1.00900","14455"]],"a":[["1.01500","20835"]]}}
1626992743.988127: {"stream":"keepusdt@depth@100ms","data":{"e":"depthUpdate","E":1626992743944,"T":1626992743919,"s":"KEEPUSDT","U":600859652443,"u":600859653721,"pu":600859649155,"b":[["0.2396","46313"]],"a":[["0.2466","1248"],["0.2525","16399"],["0.2530","5210"]]}}
1626992744.015452: {"stream":"akrousdt@depth@100ms","data":{"e":"depthUpdate","E":1626992743971,"T":1626992743897,"s":"AKROUSDT","U":600859652856,"u":600859653363,"pu":600859649496,"b":[],"a":[["0.01738","1053267"],["0.01739","1075877"]]}}
1626992744.0205288: {"stream":"sushiusdt@depth@100ms","data":{"e":"depthUpdate","E":1626992743975,"T":1626992743871,"s":"SUSHIUSDT","U":600859652903,"u":600859652903,"pu":600859651899,"b":[],"a":[["7.6200","2001"]]}}
1626992744.035795: {"stream":"ctkusdt@depth@100ms","data":{"e":"depthUpdate","E":1626992743989,"T":1626992743942,"s":"CTKUSDT","U":600859653147,"u":600859654093,"pu":600859652389,"b":[["1.00600","14453"]],"a":[["1.01500","20835"]]}}
1626992744.128565: {"stream":"akrousdt@depth@100ms","data":{"e":"depthUpdate","E":1626992744082,"T":1626992744072,"s":"AKROUSDT","U":600859654527,"u":600859656018,"pu":600859653363,"b":[],"a":[["0.01735","403895"],["0.01737","357242"],["0.01738","1017279"],["0.01739","1111844"],["0.01775","600186"]]}}
1626992744.139202: {"stream":"ctkusdt@depth@100ms","data":{"e":"depthUpdate","E":1626992744094,"T":1626992744049,"s":"CTKUSDT","U":600859654671,"u":600859655590,"pu":600859654093,"b":[["1.00600","14453"]],"a":[["1.01500","20835"]]}}
1626992744.15638: {"stream":"sushiusdt@kline_1m","data":{"e":"kline","E":1626992744112,"s":"SUSHIUSDT","k":{"t":1626992700000,"T":1626992759999,"s":"SUSHIUSDT","i":"1m","f":126902874,"L":126902924,"o":"7.6080","c":"7.6120","h":"7.6120","l":"7.6070","v":"1458","n":51,"x":false,"q":"11096.6410","V":"715","Q":"5441.3360","B":"0"}}}
1626992744.1564999: {"stream":"sushiusdt@bookTicker","data":{"e":"bookTicker","u":600859656430,"s":"SUSHIUSDT","b":"7.6110","B":"23","a":"7.6120","A":"127","T":1626992744108,"E":1626992744111}}
1626992744.1569579: {"stream":"ctkusdt@kline_1m","data":{"e":"kline","E":1626992744114,"s":"CTKUSDT","k":{"t":1626992700000,"T":1626992759999,"s":"CTKUSDT","i":"1m","f":23961275,"L":23961324,"o":"1.01000","c":"1.01100","h":"1.01100","l":"1.01000","v":"3937","n":50,"x":false,"q":"3978.11900","V":"1749","Q":"1768.23900","B":"0"}}}
1626992744.157011: {"stream":"ctkusdt@bookTicker","data":{"e":"bookTicker","u":600859656448,"s":"CTKUSDT","b":"1.01000","B":"85782","a":"1.01100","A":"6685","T":1626992744109,"E":1626992744114}}
1626992744.157608: {"stream":"sushiusdt@bookTicker","data":{"e":"bookTicker","u":600859656456,"s":"SUSHIUSDT","b":"7.6110","B":"23","a":"7.6120","A":"77","T":1626992744109,"E":1626992744114}}
1626992744.157655: {"stream":"sushiusdt@bookTicker","data":{"e":"bookTicker","u":600859656469,"s":"SUSHIUSDT","b":"7.6110","B":"23","a":"7.6130","A":"28","T":1626992744109,"E":1626992744114}}
1626992744.16051: {"stream":"keepusdt@depth@100ms","data":{"e":"depthUpdate","E":1626992744116,"T":1626992744055,"s":"KEEPUSDT","U":600859654994,"u":600859655724,"pu":600859653721,"b":[["0.2456","17662"],["0.2457","15918"]],"a":[["0.2466","436"]]}}
1626992744.18734: {"stream":"sushiusdt@depth@100ms","data":{"e":"depthUpdate","E":1626992744142,"T":1626992744137,"s":"SUSHIUSDT","U":600859655347,"u":600859656756,"pu":600859652903,"b":[["7.5480","566"],["7.5860","543"],["7.5930","2957"],["7.5950","1060"],["7.5970","1895"],["7.5990","655"],["7.6000","2391"],["7.6010","3860"],["7.6030","1017"],["7.6060","385"],["7.6070","332"],["7.6080","202"],["7.6090","73"],["7.6120","0"]],"a":[["7.6120","0"],["7.6130","28"],["7.6140","404"],["7.6150","582"],["7.6160","3646"],["7.6170","484"],["7.6180","1286"],["7.6190","1044"],["7.6200","1949"],["7.6210","2005"],["7.6220","3689"],["7.6230","2749"],["7.6250","28"],["7.6260","2713"],["7.6280","3552"],["7.6330","1088"]]}}
1626992744.20093: {"stream":"sushiusdt@bookTicker","data":{"e":"bookTicker","u":600859656948,"s":"SUSHIUSDT","b":"7.6110","B":"23","a":"7.6140","A":"404","T":1626992744149,"E":1626992744153}}
1626992744.2216861: {"stream":"sushiusdt@bookTicker","data":{"e":"bookTicker","u":600859657077,"s":"SUSHIUSDT","b":"7.6110","B":"23","a":"7.6140","A":"424","T":1626992744161,"E":1626992744167}}
1626992744.221756: {"stream":"sushiusdt@bookTicker","data":{"e":"bookTicker","u":600859657124,"s":"SUSHIUSDT","b":"7.6110","B":"23","a":"7.6140","A":"455","T":1626992744162,"E":1626992744169}}
1626992744.221784: {"stream":"sushiusdt@bookTicker","data":{"e":"bookTicker","u":600859657131,"s":"SUSHIUSDT","b":"7.6110","B":"23","a":"7.6140","A":"485","T":1626992744162,"E":1626992744169}}
1626992744.221807: {"stream":"sushiusdt@bookTicker","data":{"e":"bookTicker","u":600859657214,"s":"SUSHIUSDT","b":"7.6110","B":"23","a":"7.6140","A":"285","T":1626992744164,"E":1626992744169}}
1626992744.2249758: {"stream":"sushiusdt@bookTicker","data":{"e":"bookTicker","u":600859657495,"s":"SUSHIUSDT","b":"7.6110","B":"19","a":"7.6140","A":"285","T":1626992744174,"E":1626992744180}}
1626992744.225044: {"stream":"sushiusdt@bookTicker","data":{"e":"bookTicker","u":600859657506,"s":"SUSHIUSDT","b":"7.6110","B":"19","a":"7.6140","A":"265","T":1626992744175,"E":1626992744180}}
1626992744.227721: {"stream":"sushiusdt@bookTicker","data":{"e":"bookTicker","u":600859657526,"s":"SUSHIUSDT","b":"7.6110","B":"19","a":"7.6140","A":"235","T":1626992744176,"E":1626992744182}}
1626992744.231988: {"stream":"sushiusdt@bookTicker","data":{"e":"bookTicker","u":600859657609,"s":"SUSHIUSDT","b":"7.6120","B":"4","a":"7.6140","A":"235","T":1626992744181,"E":1626992744186}}
1626992744.242777: {"stream":"ctkusdt@depth@100ms","data":{"e":"depthUpdate","E":1626992744198,"T":1626992744182,"s":"CTKUSDT","U":600859656276,"u":600859657630,"pu":600859655590,"b":[["1.00600","9269"],["1.00700","11003"],["1.00900","14528"],["1.01400","0"]],"a":[["1.01100","6685"],["1.01500","20835"]]}}
1626992744.252334: {"stream":"sushiusdt@bookTicker","data":{"e":"bookTicker","u":600859657964,"s":"SUSHIUSDT","b":"7.6120","B":"4","a":"7.6140","A":"163","T":1626992744201,"E":1626992744207}}
1626992744.2675462: {"stream":"sushiusdt@bookTicker","data":{"e":"bookTicker","u":600859658242,"s":"SUSHIUSDT","b":"7.6120","B":"4","a":"7.6140","A":"31","T":1626992744215,"E":1626992744221}}
1626992744.26762: {"stream":"sushiusdt@bookTicker","data":{"e":"bookTicker","u":600859658255,"s":"SUSHIUSDT","b":"7.6120","B":"5","a":"7.6140","A":"31","T":1626992744216,"E":1626992744223}}
1626992744.277267: {"stream":"keepusdt@depth@100ms","data":{"e":"depthUpdate","E":1626992744232,"T":1626992744127,"s":"KEEPUSDT","U":600859656608,"u":600859656608,"pu":600859655724,"b":[],"a":[["0.2466","1248"]]}}
1626992744.291293: {"stream":"sushiusdt@depth@100ms","data":{"e":"depthUpdate","E":1626992744244,"T":1626992744239,"s":"SUSHIUSDT","U":600859656759,"u":600859658576,"pu":600859656756,"b":[["7.5610","1326"],["7.5690","1952"],["7.5800","4012"],["7.5820","1066"],["7.5850","1810"],["7.5860","513"],["7.5890","1075"],["7.5910","4320"],["7.5920","1603"],["7.5930","3857"],["7.5940","609"],["7.5950","1650"],["7.5960","4318"],["7.5980","1183"],["7.5990","562"],["7.6000","1584"],["7.6010","3670"],["7.6020","1410"],["7.6030","1337"],["7.6040","4"],["7.6050","445"],["7.6060","1282"],["7.6070","347"],["7.6080","130"],["7.6090","45"],["7.6100","193"],["7.6110","95"],["7.6120","5"]],"a":[["7.6130","0"],["7.6140","31"],["7.6150","984"],["7.6160","980"],["7.6170","1995"],["7.6180","1871"],["7.6190","1410"],["7.6200","2235"],["7.6210","1938"],["7.6220","3048"],["7.6230","3088"],["7.6240","2332"],["7.6250","974"],["7.6260","2397"],["7.6300","2528"],["7.6310","3569"],["7.6350","2514"],["7.6360","1160"],["7.6370","912"],["7.6380","1298"],["7.6390","3362"],["7.6510","580"],["9.3480","9"]]}}
1626992744.3115578: {"stream":"sushiusdt@aggTrade","data":{"e":"aggTrade","E":1626992744262,"a":87353230,"s":"SUSHIUSDT","p":"7.6120","q":"297","f":126902924,"l":126902927,"T":1626992744108,"m":false}}
1626992744.311664: {"stream":"ctkusdt@aggTrade","data":{"e":"aggTrade","E":1626992744265,"a":16599294,"s":"CTKUSDT","p":"1.01100","q":"10","f":23961324,"l":23961324,"T":1626992744109,"m":false}}
1626992744.370202: {"stream":"ctkusdt@depth@100ms","data":{"e":"depthUpdate","E":1626992744323,"T":1626992744277,"s":"CTKUSDT","U":600859658261,"u":600859659099,"pu":600859657630,"b":[["1.00600","9269"]],"a":[["1.01500","20835"]]}}
1626992744.395426: {"stream":"sushiusdt@depth@100ms","data":{"e":"depthUpdate","E":1626992744349,"T":1626992744344,"s":"SUSHIUSDT","U":600859658661,"u":600859659938,"pu":600859658576,"b":[["7.5790","1000"],["7.5830","4474"],["7.5850","2010"],["7.5860","338"],["7.5880","1481"],["7.5910","4387"],["7.5970","1962"],["7.6000","603"],["7.6010","2969"],["7.6020","2131"],["7.6030","1267"],["7.6040","593"],["7.6060","1154"],["7.6080","849"],["7.6090","297"]],"a":[["7.6150","589"],["7.6160","797"],["7.6170","2275"],["7.6180","1860"],["7.6200","2186"],["7.6220","2053"],["7.6230","4136"],["7.6240","2372"],["7.6260","1414"],["7.6300","3511"],["7.6310","3394"],["7.6330","1263"],["7.6400","845"],["7.7100","1470"]]}}
1626992744.473613: {"stream":"ctkusdt@depth@100ms","data":{"e":"depthUpdate","E":1626992744429,"T":1626992744381,"s":"CTKUSDT","U":600859659675,"u":600859660379,"pu":600859659099,"b":[["1.00600","9269"]],"a":[["1.01500","15887"]]}}
1626992744.500339: {"stream":"sushiusdt@depth@100ms","data":{"e":"depthUpdate","E":1626992744453,"T":1626992744443,"s":"SUSHIUSDT","U":600859659973,"u":600859661092,"pu":600859659938,"b":[["7.5300","2353"],["7.5400","861"],["7.5960","4098"],["7.5990","1543"],["7.6000","791"],["7.6070","270"],["7.6080","842"],["7.6090","304"]],"a":[["7.6160","777"],["7.6170","2143"],["7.6180","1536"],["7.6190","1078"],["7.6260","1347"],["7.6270","736"],["7.6280","2659"],["7.6290","2756"],["7.6300","4128"],["7.6310","2777"],["7.6320","837"],["7.6350","2377"]]}}
1626992744.6123111: {"stream":"sushiusdt@depth@100ms","data":{"e":"depthUpdate","E":1626992744567,"T":1626992744560,"s":"SUSHIUSDT","U":600859661438,"u":600859662907,"pu":600859661092,"b":[["7.5340","10009"],["7.5760","3509"],["7.6000","765"],["7.6020","2157"],["7.6030","1197"],["7.6040","663"],["7.6090","298"]],"a":[["7.6190","1402"],["7.6230","4006"],["7.6240","2502"],["7.6300","4471"],["7.6370","1049"],["7.6490","14089"],["7.6770","2403"]]}}
1626992744.6336892: {"stream":"sushiusdt@bookTicker","data":{"e":"bookTicker","u":600859663188,"s":"SUSHIUSDT","b":"7.6120","B":"7","a":"7.6140","A":"31","T":1626992744583,"E":1626992744589}}
1626992744.727846: {"stream":"sushiusdt@depth@100ms","data":{"e":"depthUpdate","E":1626992744682,"T":1626992744664,"s":"SUSHIUSDT","U":600859663096,"u":600859664422,"pu":600859662907,"b":[["7.1760","12"],["7.5900","2019"],["7.6090","298"],["7.6110","93"],["7.6120","7"]],"a":[["7.6150","617"],["7.6160","799"],["7.6170","2351"],["7.6180","1521"],["7.6190","777"],["7.6210","2254"],["7.6220","1737"],["7.6240","2818"],["7.6270","2242"],["7.7920","598"]]}}
1626992744.7335: {"stream":"sushiusdt@bookTicker","data":{"e":"bookTicker","u":600859664729,"s":"SUSHIUSDT","b":"7.6120","B":"13","a":"7.6140","A":"31","T":1626992744682,"E":1626992744688}}
1626992744.753501: {"stream":"sushiusdt@bookTicker","data":{"e":"bookTicker","u":600859665007,"s":"SUSHIUSDT","b":"7.6120","B":"14","a":"7.6140","A":"31","T":1626992744702,"E":1626992744708}}
1626992744.8296: {"stream":"sushiusdt@depth@100ms","data":{"e":"depthUpdate","E":1626992744785,"T":1626992744777,"s":"SUSHIUSDT","U":600859664715,"u":600859665989,"pu":600859664422,"b":[["7.5430","4725"],["7.6010","2949"],["7.6050","465"],["7.6120","14"]],"a":[["7.6170","2468"],["7.6240","2798"],["7.6250","994"],["7.6430","3045"],["7.6530","758"]]}}
1626992744.917224: {"stream":"akrousdt@depth@100ms","data":{"e":"depthUpdate","E":1626992744872,"T":1626992744867,"s":"AKROUSDT","U":600859665843,"u":600859667598,"pu":600859656018,"b":[["0.01724","678101"],["0.01725","919534"],["0.01727","1235427"],["0.01728","633891"]],"a":[["0.01735","463895"]]}}
1626992744.9325929: {"stream":"sushiusdt@depth@100ms","data":{"e":"depthUpdate","E":1626992744887,"T":1626992744862,"s":"SUSHIUSDT","U":600859666059,"u":600859667487,"pu":600859665989,"b":[["6.8830","8"],["6.8940","201"],["7.5720","4056"],["7.6010","3042"],["7.6020","1985"]],"a":[["7.6170","2518"],["7.6200","2136"],["7.6260","1487"],["7.6830","1365"],["8.3200","49"],["8.3310","165"]]}}
1626992745.033658: {"stream":"akrousdt@depth@100ms","data":{"e":"depthUpdate","E":1626992744988,"T":1626992744882,"s":"AKROUSDT","U":600859667898,"u":600859667898,"pu":600859667598,"b":[["0.01727","1271644"]],"a":[]}}
1626992745.043317: {"stream":"sushiusdt@depth@100ms","data":{"e":"depthUpdate","E":1626992744997,"T":1626992744974,"s":"SUSHIUSDT","U":600859668126,"u":600859669677,"pu":600859667487,"b":[["7.5430","4256"],["7.5450","1849"],["7.5770","866"],["7.5790","1469"],["7.5910","4357"],["7.5920","1633"],["7.6000","963"],["7.6060","1122"],["7.6070","238"],["7.6080","906"],["7.6090","298"],["7.6110","77"]],"a":[["7.6160","863"],["7.6170","2550"],["7.6450","855"],["7.6470","2900"],["7.6790","71"],["7.6810","3110"]]}}
1626992745.079113: {"stream":"keepusdt@depth@100ms","data":{"e":"depthUpdate","E":1626992745031,"T":1626992745016,"s":"KEEPUSDT","U":600859668902,"u":600859670352,"pu":600859656608,"b":[],"a":[["0.2466","1248"],["0.2529","0"],["0.2544","9446"]]}}
1626992745.137321: {"stream":"akrousdt@bookTicker","data":{"e":"bookTicker","u":600859671625,"s":"AKROUSDT","b":"0.01731","B":"53451","a":"0.01732","A":"74607","T":1626992745085,"E":1626992745091}}
1626992745.152098: {"stream":"akrousdt@bookTicker","data":{"e":"bookTicker","u":600859671739,"s":"AKROUSDT","b":"0.01731","B":"451","a":"0.01732","A":"74607","T":1626992745101,"E":1626992745107}}
1626992745.184099: {"stream":"sushiusdt@depth@100ms","data":{"e":"depthUpdate","E":1626992745139,"T":1626992745114,"s":"SUSHIUSDT","U":600859670685,"u":600859671852,"pu":600859669677,"b":[["7.5800","4032"]],"a":[["7.6230","3717"],["7.6510","561"],["8.3250","195"]]}}
1626992745.191552: {"stream":"akrousdt@bookTicker","data":{"e":"bookTicker","u":600859672217,"s":"AKROUSDT","b":"0.01731","B":"8108","a":"0.01732","A":"74607","T":1626992745144,"E":1626992745148}}
1626992745.2137191: {"stream":"keepusdt@depth@100ms","data":{"e":"depthUpdate","E":1626992745170,"T":1626992745066,"s":"KEEPUSDT","U":600859671377,"u":600859671377,"pu":600859670352,"b":[["0.2417","407"]],"a":[]}}
1626992745.218251: {"stream":"akrousdt@depth@100ms","data":{"e":"depthUpdate","E":1626992745174,"T":1626992745157,"s":"AKROUSDT","U":600859671484,"u":600859672436,"pu":600859667898,"b":[["0.01727","1096926"],["0.01728","809177"],["0.01729","759179"],["0.01731","8108"]],"a":[["0.01736","874520"],["0.01737","426815"]]}}
1626992745.218347: {"stream":"sushiusdt@bookTicker","data":{"e":"bookTicker","u":600859672724,"s":"SUSHIUSDT","b":"7.6120","B":"30","a":"7.6140","A":"31","T":1626992745167,"E":1626992745175}}
1626992745.292011: {"stream":"sushiusdt@depth@100ms","data":{"e":"depthUpdate","E":1626992745248,"T":1626992745240,"s":"SUSHIUSDT","U":600859672223,"u":600859674031,"pu":600859671852,"b":[["7.1760","44"],["7.5400","861"],["7.6020","2642"],["7.6090","291"],["7.6120","30"]],"a":[["7.6150","545"],["7.6160","910"],["7.6170","2500"],["7.6180","1229"],["7.6190","832"],["7.6200","1886"],["7.6210","2304"],["7.6220","1987"],["7.6230","3855"],["7.6250","1130"],["7.6300","7621"],["7.6860","351"],["7.7920","599"]]}}
1626992745.320519: {"stream":"keepusdt@depth@100ms","data":{"e":"depthUpdate","E":1626992745274,"T":1626992745250,"s":"KEEPUSDT","U":600859672692,"u":600859674197,"pu":600859671377,"b":[],"a":[["0.2466","1248"],["0.2525","25497"],["0.2532","3621"],["0.2540","9073"],["0.2542","0"],["0.2577","14725"]]}}
1626992745.348516: {"stream":"ctkusdt@bookTicker","data":{"e":"bookTicker","u":600859674936,"s":"CTKUSDT","b":"1.01000","B":"85782","a":"1.01100","A":"6675","T":1626992745298,"E":1626992745304}}
1626992745.348614: {"stream":"ctkusdt@kline_1m","data":{"e":"kline","E":1626992745304,"s":"CTKUSDT","k":{"t":1626992700000,"T":1626992759999,"s":"CTKUSDT","i":"1m","f":23961275,"L":23961325,"o":"1.01000","c":"1.01100","h":"1.01100","l":"1.01000","v":"3947","n":51,"x":false,"q":"3988.22900","V":"1759","Q":"1778.34900","B":"0"}}}
1626992745.392014: {"stream":"sushiusdt@depth@100ms","data":{"e":"depthUpdate","E":1626992745348,"T":1626992745334,"s":"SUSHIUSDT","U":600859674095,"u":600859675536,"pu":600859674031,"b":[["7.6090","298"]],"a":[["7.6210","2596"],["8.3250","31"]]}}
1626992745.4312499: {"stream":"akrousdt@depth@100ms","data":{"e":"depthUpdate","E":1626992745387,"T":1626992745281,"s":"AKROUSDT","U":600859674694,"u":600859674694,"pu":600859672436,"b":[],"a":[["0.01738","1028223"]]}}
1626992745.4358678: {"stream":"keepusdt@depth@100ms","data":{"e":"depthUpdate","E":1626992745391,"T":1626992745286,"s":"KEEPUSDT","U":600859674763,"u":600859674763,"pu":600859674197,"b":[],"a":[["0.2525","34991"]]}}
1626992745.449876: {"stream":"ctkusdt@depth@100ms","data":{"e":"depthUpdate","E":1626992745404,"T":1626992745356,"s":"CTKUSDT","U":600859674932,"u":600859675869,"pu":600859660379,"b":[["1.00600","9269"],["1.01400","0"]],"a":[["1.01100","6675"],["1.01500","15887"]]}}
1626992745.5020711: {"stream":"ctkusdt@aggTrade","data":{"e":"aggTrade","E":1626992745454,"a":16599295,"s":"CTKUSDT","p":"1.01100","q":"10","f":23961325,"l":23961325,"T":1626992745298,"m":false}}
1626992745.544609: {"stream":"keepusdt@depth@100ms","data":{"e":"depthUpdate","E":1626992745501,"T":1626992745483,"s":"KEEPUSDT","U":600859676430,"u":600859677570,"pu":600859674763,"b":[["0.2458","9117"]],"a":[["0.2466","1248"],["0.2530","14288"]]}}
1626992745.550635: {"stream":"ctkusdt@depth@100ms","data":{"e":"depthUpdate","E":1626992745507,"T":1626992745499,"s":"CTKUSDT","U":600859676505,"u":600859677831,"pu":600859675869,"b":[["1.00600","9269"]],"a":[["1.01500","20835"]]}}
1626992745.5806541: {"stream":"sushiusdt@depth@100ms","data":{"e":"depthUpdate","E":1626992745537,"T":1626992745524,"s":"SUSHIUSDT","U":600859676869,"u":600859678240,"pu":600859675536,"b":[["7.6090","298"]],"a":[["7.6180","1279"],["7.6200","2210"],["7.6210","2546"],["7.6280","2989"]]}}
1626992745.633792: {"stream":"akrousdt@depth@100ms","data":{"e":"depthUpdate","E":1626992745587,"T":1626992745483,"s":"AKROUSDT","U":600859677580,"u":600859677580,"pu":600859674694,"b":[],"a":[["0.01752","218714"]]}}
1626992745.658509: {"stream":"ctkusdt@depth@100ms","data":{"e":"depthUpdate","E":1626992745614,"T":1626992745605,"s":"CTKUSDT","U":600859677944,"u":600859679654,"pu":600859677831,"b":[["1.00600","14217"]],"a":[["1.01500","20835"]]}}
1626992745.6753721: {"stream":"sushiusdt@bookTicker","data":{"e":"bookTicker","u":600859680111,"s":"SUSHIUSDT","b":"7.6120","B":"30","a":"7.6140","A":"93","T":1626992745625,"E":1626992745630}}
1626992745.67547: {"stream":"sushiusdt@bookTicker","data":{"e":"bookTicker","u":600859680153,"s":"SUSHIUSDT","b":"7.6120","B":"30","a":"7.6140","A":"62","T":1626992745626,"E":1626992745630}}
1626992745.6904461: {"stream":"sushiusdt@bookTicker","data":{"e":"bookTicker","u":600859680503,"s":"SUSHIUSDT","b":"7.6120","B":"30","a":"7.6140","A":"91","T":1626992745638,"E":1626992745644}}
1626992745.732047: {"stream":"sushiusdt@depth@100ms","data":{"e":"depthUpdate","E":1626992745686,"T":1626992745678,"s":"SUSHIUSDT","U":600859679119,"u":600859681916,"pu":600859678240,"b":[["7.5300","5354"],["7.5600","1979"],["7.5840","2164"],["7.5890","1049"],["7.5960","4118"],["7.6050","445"],["7.6070","406"],["7.6080","187"],["7.6090","52"],["7.6900","0"]],"a":[["7.6140","91"],["7.6150","576"],["7.6250","1110"],["7.6310","1772"],["7.6340","1026"],["7.6440","4418"],["7.6470","3905"],["7.6500","590"],["7.6800","1843"],["7.7100","4439"]]}}
1626992745.7983081: {"stream":"ctkusdt@depth@100ms","data":{"e":"depthUpdate","E":1626992745756,"T":1626992745706,"s":"CTKUSDT","U":600859680922,"u":600859682662,"pu":600859679654,"b":[["0.93700","24"],["1.00600","14217"]],"a":[["1.01500","20835"]]}}
1626992745.809984: {"stream":"keepusdt@depth@100ms","data":{"e":"depthUpdate","E":1626992745768,"T":1626992745753,"s":"KEEPUSDT","U":600859681415,"u":600859683733,"pu":600859677570,"b":[],"a":[["0.2466","1248"],["0.2527","27"]]}}
1626992745.857472: {"stream":"sushiusdt@depth@100ms","data":{"e":"depthUpdate","E":1626992745813,"T":1626992745803,"s":"SUSHIUSDT","U":600859682658,"u":600859684918,"pu":600859681916,"b":[["7.5940","559"],["7.5950","1700"],["7.6020","2774"],["7.6060","1841"],["7.6070","645"],["7.6090","51"]],"a":[["7.6250","2275"],["7.6270","736"]]}}
1626992745.90397: {"stream":"ctkusdt@depth@100ms","data":{"e":"depthUpdate","E":1626992745859,"T":1626992745754,"s":"CTKUSDT","U":600859683751,"u":600859683759,"pu":600859682662,"b":[["1.00600","9269"]],"a":[["1.01500","15887"]]}}
1626992745.907136: {"stream":"akrousdt@depth@100ms","data":{"e":"depthUpdate","E":1626992745863,"T":1626992745785,"s":"AKROUSDT","U":600859683892,"u":600859684454,"pu":600859677580,"b":[["0.01721","530480"],["0.01722","483338"],["0.01724","695656"],["0.01725","901990"],["0.01727","1133143"],["0.01728","772981"]],"a":[]}}
1626992745.957802: {"stream":"sushiusdt@bookTicker","data":{"e":"bookTicker","u":600859687098,"s":"SUSHIUSDT","b":"7.6120","B":"29","a":"7.6140","A":"91","T":1626992745907,"E":1626992745911}}
1626992745.9579039: {"stream":"sushiusdt@kline_1m","data":{"e":"kline","E":1626992745912,"s":"SUSHIUSDT","k":{"t":1626992700000,"T":1626992759999,"s":"SUSHIUSDT","i":"1m","f":126902874,"L":126902928,"o":"7.6080","c":"7.6120","h":"7.6120","l":"7.6070","v":"1590","n":55,"x":false,"q":"12101.4250","V":"846","Q":"6438.5080","B":"0"}}}
1626992745.967078: {"stream":"sushiusdt@depth@100ms","data":{"e":"depthUpdate","E":1626992745924,"T":1626992745907,"s":"SUSHIUSDT","U":600859685356,"u":600859687098,"pu":600859684918,"b":[["7.5500","3231"],["7.5930","3883"],["7.6040","535"],["7.6070","773"],["7.6090","58"],["7.6120","29"]],"a":[["7.6510","580"]]}}
1626992746.054925: {"stream":"sushiusdt@bookTicker","data":{"e":"bookTicker","u":600859689013,"s":"SUSHIUSDT","b":"7.6120","B":"29","a":"7.6140","A":"173","T":1626992746001,"E":1626992746008}}
1626992746.075108: {"stream":"sushiusdt@depth@100ms","data":{"e":"depthUpdate","E":1626992746030,"T":1626992746001,"s":"SUSHIUSDT","U":600859687422,"u":600859689013,"pu":600859687098,"b":[["7.6110","49"]],"a":[["7.6140","173"]]}}
1626992746.093312: {"stream":"akrousdt@depth@100ms","data":{"e":"depthUpdate","E":1626992746048,"T":1626992745943,"s":"AKROUSDT","U":600859687760,"u":600859687760,"pu":600859684454,"b":[["0.01729","828179"]],"a":[]}}
1626992746.107203: {"stream":"sushiusdt@aggTrade","data":{"e":"aggTrade","E":1626992746062,"a":87353231,"s":"SUSHIUSDT","p":"7.6120","q":"1","f":126902928,"l":126902928,"T":1626992745907,"m":true}}
1626992746.2095082: {"stream":"sushiusdt@depth@100ms","data":{"e":"depthUpdate","E":1626992746163,"T":1626992746154,"s":"SUSHIUSDT","U":600859690151,"u":600859691638,"pu":600859689013,"b":[["7.5200","371"],["7.5300","2353"],["7.5600","478"],["7.5650","798"],["7.5960","4098"],["7.5980","1175"],["7.6020","2782"],["7.6050","465"],["7.6090","58"],["7.6100","194"]],"a":[["7.6210","2230"],["7.6230","4171"],["7.6240","2648"],["7.6260","1803"],["7.6270","756"],["7.6340","1006"],["7.6800","374"],["7.7100","1470"]]}}
1626992746.227455: {"stream":"keepusdt@depth@100ms","data":{"e":"depthUpdate","E":1626992746182,"T":1626992746151,"s":"KEEPUSDT","U":600859690441,"u":600859691419,"pu":600859683733,"b":[],"a":[["0.2466","1248"],["0.2469","12397"]]}}
1626992746.3161469: {"stream":"sushiusdt@depth@100ms","data":{"e":"depthUpdate","E":1626992746271,"T":1626992746257,"s":"SUSHIUSDT","U":600859691838,"u":600859693451,"pu":600859691638,"b":[["7.5600","3479"],["7.5690","1978"],["7.5780","302"],["7.5820","1074"],["7.5840","3665"],["7.5880","1473"],["7.5920","1641"],["7.6040","600"],["7.6050","465"]],"a":[["7.6370","1048"],["7.6410","619"],["7.6440","5887"],["7.6500","3559"],["7.6590","632"],["7.6650","327"]]}}
1626992746.4086971: {"stream":"ctkusdt@depth@100ms","data":{"e":"depthUpdate","E":1626992746362,"T":1626992746329,"s":"CTKUSDT","U":600859693480,"u":600859694528,"pu":600859683759,"b":[],"a":[["1.01300","17748"],["1.01800","9180"],["1.03500","2407"]]}}
1626992746.415699: {"stream":"sushiusdt@depth@100ms","data":{"e":"depthUpdate","E":1626992746371,"T":1626992746365,"s":"SUSHIUSDT","U":600859693578,"u":600859695051,"pu":600859693451,"b":[["7.5910","2592"],["7.5920","3406"],["7.5990","562"],["7.6010","2486"],["7.6020","4523"],["7.6090","51"],["7.6100","272"],["7.6110","97"]],"a":[["7.6230","3190"],["7.6240","3629"],["7.6250","2139"],["7.6270","892"],["7.6280","2511"],["7.6300","5856"],["7.6320","2602"],["7.6840","289"],["7.6880","238"]]}}
1626992746.513629: {"stream":"ctkusdt@depth@100ms","data":{"e":"depthUpdate","E":1626992746470,"T":1626992746462,"s":"CTKUSDT","U":600859695038,"u":600859696524,"pu":600859694528,"b":[["0.99500","14174"],["1.00600","9269"]],"a":[["1.01500","15887"]]}}
1626992746.5255349: {"stream":"ctkusdt@kline_1m","data":{"e":"kline","E":1626992746482,"s":"CTKUSDT","k":{"t":1626992700000,"T":1626992759999,"s":"CTKUSDT","i":"1m","f":23961275,"L":23961326,"o":"1.01000","c":"1.01100","h":"1.01100","l":"1.01000","v":"3957","n":52,"x":false,"q":"3998.33900","V":"1769","Q":"1788.45900","B":"0"}}}
1626992746.527724: {"stream":"ctkusdt@bookTicker","data":{"e":"bookTicker","u":600859696772,"s":"CTKUSDT","b":"1.01000","B":"85782","a":"1.01100","A":"6665","T":1626992746479,"E":1626992746483}}
1626992746.527762: {"stream":"sushiusdt@depth@100ms","data":{"e":"depthUpdate","E":1626992746484,"T":1626992746424,"s":"SUSHIUSDT","U":600859695258,"u":600859695944,"pu":600859695051,"b":[["7.6090","58"],["7.6100","271"]],"a":[["7.6300","6334"]]}}
1626992746.628593: {"stream":"ctkusdt@depth@100ms","data":{"e":"depthUpdate","E":1626992746583,"T":1626992746559,"s":"CTKUSDT","U":600859696699,"u":600859698044,"pu":600859696524,"b":[["1.00600","9269"],["1.01400","0"]],"a":[["1.01100","6665"],["1.01500","15887"],["1.02600","9260"]]}}
1626992746.677471: {"stream":"sushiusdt@depth@100ms","data":{"e":"depthUpdate","E":1626992746632,"T":1626992746577,"s":"SUSHIUSDT","U":600859697601,"u":600859698314,"pu":600859695944,"b":[["7.5760","2009"],["7.6090","52"]],"a":[["7.6490","12589"]]}}
1626992746.680446: {"stream":"ctkusdt@aggTrade","data":{"e":"aggTrade","E":1626992746634,"a":16599296,"s":"CTKUSDT","p":"1.01100","q":"10","f":23961326,"l":23961326,"T":1626992746479,"m":false}}
1626992746.766315: {"stream":"akrousdt@depth@100ms","data":{"e":"depthUpdate","E":1626992746720,"T":1626992746614,"s":"AKROUSDT","U":600859698982,"u":600859698982,"pu":600859687760,"b":[],"a":[["0.01736","891820"]]}}
1626992746.83428: {"stream":"ctkusdt@depth@100ms","data":{"e":"depthUpdate","E":1626992746790,"T":1626992746685,"s":"CTKUSDT","U":600859700016,"u":600859700016,"pu":600859698044,"b":[],"a":[["1.03900","6267"]]}}
1626992746.869872: {"stream":"sushiusdt@bookTicker","data":{"e":"bookTicker","u":600859702284,"s":"SUSHIUSDT","b":"7.6120","B":"29","a":"7.6130","A":"1","T":1626992746820,"E":1626992746824}}
1626992746.93632: {"stream":"keepusdt@depth@100ms","data":{"e":"depthUpdate","E":1626992746892,"T":1626992746846,"s":"KEEPUSDT","U":600859701458,"u":600859702880,"pu":600859691419,"b":[["0.2415","521"]],"a":[["0.2466","1248"]]}}
1626992746.968745: {"stream":"sushiusdt@depth@100ms","data":{"e":"depthUpdate","E":1626992746924,"T":1626992746875,"s":"SUSHIUSDT","U":600859702284,"u":600859703381,"pu":600859698314,"b":[["7.5610","1386"],["7.5690","1918"],["7.5910","2622"],["7.5920","3376"],["7.5930","3730"],["7.6090","45"]],"a":[["7.6130","1"],["7.6150","583"]]}}
1626992747.0162282: {"stream":"akrousdt@depth@100ms","data":{"e":"depthUpdate","E":1626992746972,"T":1626992746865,"s":"AKROUSDT","U":600859703217,"u":600859703217,"pu":600859698982,"b":[["0.01722","468761"]],"a":[]}}
1626992747.039265: {"stream":"ctkusdt@depth@100ms","data":{"e":"depthUpdate","E":1626992746993,"T":1626992746934,"s":"CTKUSDT","U":600859703570,"u":600859704478,"pu":600859700016,"b":[["0.99500","24224"],["1.00600","9269"]],"a":[["1.01500","15887"],["1.02600","19007"]]}}
1626992747.0799072: {"stream":"sushiusdt@depth@100ms","data":{"e":"depthUpdate","E":1626992747036,"T":1626992746974,"s":"SUSHIUSDT","U":600859704438,"u":600859705357,"pu":600859703381,"b":[["7.6040","728"],["7.6070","645"]],"a":[["7.6240","4489"],["7.6250","974"]]}}
1626992747.157471: {"stream":"ctkusdt@depth@100ms","data":{"e":"depthUpdate","E":1626992747112,"T":1626992747101,"s":"CTKUSDT","U":600859706182,"u":600859708159,"pu":600859704478,"b":[["0.99500","20987"]],"a":[["1.01800","8902"]]}}
1626992747.1899571: {"stream":"sushiusdt@bookTicker","data":{"e":"bookTicker","u":600859708803,"s":"SUSHIUSDT","b":"7.6120","B":"35","a":"7.6130","A":"1","T":1626992747138,"E":1626992747143}}
1626992747.195327: {"stream":"keepusdt@depth@100ms","data":{"e":"depthUpdate","E":1626992747149,"T":1626992747135,"s":"KEEPUSDT","U":600859707034,"u":600859708674,"pu":600859702880,"b":[],"a":[["0.2465","812"],["0.2466","436"],["0.2538","9050"]]}}
1626992747.203754: {"stream":"sushiusdt@depth@100ms","data":{"e":"depthUpdate","E":1626992747158,"T":1626992747141,"s":"SUSHIUSDT","U":600859707279,"u":600859708986,"pu":600859705357,"b":[["7.6120","35"]],"a":[["7.6150","647"],["7.6160","878"],["7.6170","2468"],["8.2890","165"]]}}
1626992747.2908359: {"stream":"ctkusdt@kline_1m","data":{"e":"kline","E":1626992747245,"s":"CTKUSDT","k":{"t":1626992700000,"T":1626992759999,"s":"CTKUSDT","i":"1m","f":23961275,"L":23961327,"o":"1.01000","c":"1.01000","h":"1.01100","l":"1.01000","v":"3962","n":53,"x":false,"q":"4003.38900","V":"1769","Q":"1788.45900","B":"0"}}}
1626992747.2909582: {"stream":"ctkusdt@bookTicker","data":{"e":"bookTicker","u":600859712557,"s":"CTKUSDT","b":"1.01000","B":"85777","a":"1.01100","A":"6665","T":1626992747239,"E":1626992747244}}
1626992747.323531: {"stream":"ctkusdt@depth@100ms","data":{"e":"depthUpdate","E":1626992747277,"T":1626992747239,"s":"CTKUSDT","U":600859710087,"u":600859712557,"pu":600859708159,"b":[["1.01000","85777"]],"a":[["1.01000","0"],["1.02600","15868"]]}}
1626992747.348076: {"stream":"akrousdt@depth@100ms","data":{"e":"depthUpdate","E":1626992747303,"T":1626992747217,"s":"AKROUSDT","U":600859711154,"u":600859711908,"pu":600859703217,"b":[["0.01721","545066"]],"a":[["0.01753","32964"]]}}
1626992747.4123452: {"stream":"sushiusdt@depth@100ms","data":{"e":"depthUpdate","E":1626992747363,"T":1626992747272,"s":"SUSHIUSDT","U":600859712999,"u":600859713298,"pu":600859708986,"b":[["7.5990","536"]],"a":[["7.6510","561"]]}}
1626992747.440077: {"stream":"ctkusdt@aggTrade","data":{"e":"aggTrade","E":1626992747395,"a":16599297,"s":"CTKUSDT","p":"1.01000","q":"5","f":23961327,"l":23961327,"T":1626992747239,"m":true}}
1626992747.53163: {"stream":"ctkusdt@depth@100ms","data":{"e":"depthUpdate","E":1626992747486,"T":1626992747381,"s":"CTKUSDT","U":600859716030,"u":600859716030,"pu":600859712557,"b":[["0.93700","35"]],"a":[]}}
1626992747.5382788: {"stream":"sushiusdt@depth@100ms","data":{"e":"depthUpdate","E":1626992747493,"T":1626992747387,"s":"SUSHIUSDT","U":600859716174,"u":600859716174,"pu":600859713298,"b":[["7.6030","1223"]],"a":[]}}
1626992747.602156: {"stream":"akrousdt@depth@100ms","data":{"e":"depthUpdate","E":1626992747559,"T":1626992747487,"s":"AKROUSDT","U":600859717521,"u":600859718111,"pu":600859711908,"b":[["0.01724","678101"],["0.01725","919534"],["0.01727","1096926"],["0.01728","809177"]],"a":[]}}
1626992747.6118379: {"stream":"keepusdt@depth@100ms","data":{"e":"depthUpdate","E":1626992747568,"T":1626992747523,"s":"KEEPUSDT","U":600859717682,"u":600859718682,"pu":600859708674,"b":[["0.2388","404"]],"a":[["0.2465","812"],["0.2523","9609"]]}}
1626992747.672689: {"stream":"sushiusdt@depth@100ms","data":{"e":"depthUpdate","E":1626992747628,"T":1626992747613,"s":"SUSHIUSDT","U":600859718718,"u":600859720026,"pu":600859716174,"b":[["3.8060","0"],["7.4580","21"],["7.5760","3509"],["7.6070","777"]],"a":[["7.6480","2310"]]}}
1626992747.714344: {"stream":"ctkusdt@kline_1m","data":{"e":"kline","E":1626992747671,"s":"CTKUSDT","k":{"t":1626992700000,"T":1626992759999,"s":"CTKUSDT","i":"1m","f":23961275,"L":23961328,"o":"1.01000","c":"1.01100","h":"1.01100","l":"1.01000","v":"3972","n":54,"x":false,"q":"4013.49900","V":"1779","Q":"1798.56900","B":"0"}}}
1626992747.7164001: {"stream":"ctkusdt@bookTicker","data":{"e":"bookTicker","u":600859720756,"s":"CTKUSDT","b":"1.01000","B":"85777","a":"1.01100","A":"6655","T":1626992747667,"E":1626992747671}}
1626992747.761178: {"stream":"ctkusdt@depth@100ms","data":{"e":"depthUpdate","E":1626992747716,"T":1626992747700,"s":"CTKUSDT","U":600859720023,"u":600859721168,"pu":600859716030,"b":[["0.99500","29227"],["1.00600","9269"],["1.01400","0"]],"a":[["1.01100","6655"],["1.01200","10902"],["1.01500","20835"]]}}
1626992747.8113558: {"stream":"akrousdt@depth@100ms","data":{"e":"depthUpdate","E":1626992747766,"T":1626992747662,"s":"AKROUSDT","U":600859720666,"u":600859720686,"pu":600859718111,"b":[],"a":[["0.01734","375032"],["0.01737","447979"]]}}
1626992747.867845: {"stream":"ctkusdt@aggTrade","data":{"e":"aggTrade","E":1626992747822,"a":16599298,"s":"CTKUSDT","p":"1.01100","q":"10","f":23961328,"l":23961328,"T":1626992747667,"m":false}}
1626992747.8940291: {"stream":"ctkusdt@depth@100ms","data":{"e":"depthUpdate","E":1626992747832,"T":1626992747812,"s":"CTKUSDT","U":600859721655,"u":600859722957,"pu":600859721168,"b":[["1.00600","14217"]],"a":[["1.01200","11149"],["1.01500","15887"],["1.02600","23859"]]}}
1626992747.896787: {"stream":"sushiusdt@depth@100ms","data":{"e":"depthUpdate","E":1626992747850,"T":1626992747745,"s":"SUSHIUSDT","U":600859721932,"u":600859721932,"pu":600859720026,"b":[],"a":[["7.6550","1141"]]}}
1626992747.99104: {"stream":"ctkusdt@depth@100ms","data":{"e":"depthUpdate","E":1626992747947,"T":1626992747914,"s":"CTKUSDT","U":600859723373,"u":600859724523,"pu":600859722957,"b":[["1.00600","14217"]],"a":[]}}
1626992748.0266812: {"stream":"akrousdt@depth@100ms","data":{"e":"depthUpdate","E":1626992747982,"T":1626992747970,"s":"AKROUSDT","U":600859723888,"u":600859725527,"pu":600859720686,"b":[["0.01715","592943"],["0.01721","530480"]],"a":[["0.01738","1048423"]]}}
1626992748.103023: {"stream":"ctkusdt@depth@100ms","data":{"e":"depthUpdate","E":1626992748055,"T":1626992748013,"s":"CTKUSDT","U":600859725246,"u":600859726162,"pu":600859724523,"b":[["1.00600","9269"]],"a":[["1.01200","10902"]]}}
1626992748.103946: {"stream":"sushiusdt@depth@100ms","data":{"e":"depthUpdate","E":1626992748059,"T":1626992748036,"s":"SUSHIUSDT","U":600859725321,"u":600859726614,"pu":600859721932,"b":[["7.5600","478"],["7.5840","2164"],["7.5960","4118"],["7.6020","4523"],["7.6040","743"],["7.6050","495"],["7.6060","923"],["7.6070","762"]],"a":[["7.6160","763"],["7.6170","1615"],["7.6180","1239"],["7.6200","2160"],["7.6210","1900"],["7.6220","2137"],["7.6270","872"],["7.6340","1026"],["7.6440","4418"],["7.6500","590"],["7.6710","1153"],["8.2890","1"]]}}
1626992748.127603: {"stream":"akrousdt@depth@100ms","data":{"e":"depthUpdate","E":1626992748084,"T":1626992747980,"s":"AKROUSDT","U":600859725662,"u":600859725662,"pu":600859725527,"b":[["0.01715","572559"]],"a":[]}}
1626992748.216848: {"stream":"sushiusdt@depth@100ms","data":{"e":"depthUpdate","E":1626992748171,"T":1626992748160,"s":"SUSHIUSDT","U":600859727023,"u":600859728872,"pu":600859726614,"b":[["7.5300","5354"],["7.5600","2039"],["7.5610","1326"],["7.5970","1825"],["7.6020","4573"],["7.6050","270"],["7.6060","938"],["7.6070","762"]],"a":[["7.6160","978"],["7.6170","942"],["7.6180","1179"],["7.6190","1607"],["7.6200","1370"],["7.6210","1900"],["7.6270","684"],["7.6800","1843"],["7.7100","4439"]]}}
1626992748.225743: {"stream":"keepusdt@depth@100ms","data":{"e":"depthUpdate","E":1626992748182,"T":1626992748172,"s":"KEEPUSDT","U":600859727131,"u":600859729258,"pu":600859718682,"b":[["0.2446","8650"]],"a":[["0.2465","812"]]}}
1626992748.273739: {"stream":"akrousdt@depth@100ms","data":{"e":"depthUpdate","E":1626992748228,"T":1626992748125,"s":"AKROUSDT","U":600859727859,"u":600859727859,"pu":600859725662,"b":[],"a":[["0.01751","744031"]]}}
1626992748.275605: {"stream":"ctkusdt@depth@100ms","data":{"e":"depthUpdate","E":1626992748231,"T":1626992748126,"s":"CTKUSDT","U":600859727961,"u":600859727961,"pu":600859726162,"b":[],"a":[["1.01800","8624"]]}}
1626992748.315776: {"stream":"sushiusdt@depth@100ms","data":{"e":"depthUpdate","E":1626992748272,"T":1626992748242,"s":"SUSHIUSDT","U":600859729042,"u":600859730539,"pu":600859728872,"b":[["7.5990","673"],["7.6030","1123"],["7.6050","1238"],["7.6060","923"],["7.6070","792"]],"a":[["7.6180","1194"],["7.6190","2475"],["7.6640","2730"]]}}
1626992748.41183: {"stream":"ctkusdt@kline_1m","data":{"e":"kline","E":1626992748367,"s":"CTKUSDT","k":{"t":1626992700000,"T":1626992759999,"s":"CTKUSDT","i":"1m","f":23961275,"L":23961329,"o":"1.01000","c":"1.01000","h":"1.01100","l":"1.01000","v":"3977","n":55,"x":false,"q":"4018.54900","V":"1779","Q":"1798.56900","B":"0"}}}
1626992748.4143202: {"stream":"ctkusdt@bookTicker","data":{"e":"bookTicker","u":600859732722,"s":"CTKUSDT","b":"1.01000","B":"85772","a":"1.01100","A":"6655","T":1626992748362,"E":1626992748369}}
1626992748.419512: {"stream":"sushiusdt@depth@100ms","data":{"e":"depthUpdate","E":1626992748375,"T":1626992748363,"s":"SUSHIUSDT","U":600859731062,"u":600859732730,"pu":600859730539,"b":[["7.5950","1650"],["7.5970","1875"],["7.6000","775"],["7.6020","4523"],["7.6040","728"],["7.6050","1288"]],"a":[["7.6180","2852"],["7.6190","1475"],["7.6200","1520"],["7.6220","1987"]]}}
1626992748.510135: {"stream":"akrousdt@depth@100ms","data":{"e":"depthUpdate","E":1626992748463,"T":1626992748357,"s":"AKROUSDT","U":600859732624,"u":600859732624,"pu":600859727859,"b":[["0.01729","759179"]],"a":[]}}
1626992748.513781: {"stream":"ctkusdt@depth@100ms","data":{"e":"depthUpdate","E":1626992748469,"T":1626992748430,"s":"CTKUSDT","U":600859732718,"u":600859733659,"pu":600859727961,"b":[["1.00600","9269"],["1.01000","85772"]],"a":[["1.01000","0"],["1.01300","17994"]]}}
1626992748.5221398: {"stream":"sushiusdt@depth@100ms","data":{"e":"depthUpdate","E":1626992748477,"T":1626992748459,"s":"SUSHIUSDT","U":600859732841,"u":600859734027,"pu":600859732730,"b":[["7.5300","2353"],["7.5600","3539"],["7.5840","3665"],["7.5960","4098"],["7.5980","1057"],["7.6000","963"],["7.6050","1308"],["7.6060","938"]],"a":[["7.6170","1228"],["7.6180","3510"],["7.6190","379"],["7.6270","704"],["7.6340","1006"],["7.6440","5887"],["7.6500","3559"],["7.6800","374"],["7.7100","1470"],["8.9200","6507"]]}}
1626992748.5650072: {"stream":"ctkusdt@aggTrade","data":{"e":"aggTrade","E":1626992748519,"a":16599299,"s":"CTKUSDT","p":"1.01000","q":"5","f":23961329,"l":23961329,"T":1626992748362,"m":true}}
1626992748.6254551: {"stream":"sushiusdt@depth@100ms","data":{"e":"depthUpdate","E":1626992748581,"T":1626992748499,"s":"SUSHIUSDT","U":600859734268,"u":600859734576,"pu":600859734027,"b":[],"a":[["7.6170","2018"],["7.6180","2705"],["7.6190","394"]]}}
1626992748.639376: {"stream":"ctkusdt@bookTicker","data":{"e":"bookTicker","u":600859735767,"s":"CTKUSDT","b":"1.01000","B":"85757","a":"1.01100","A":"6655","T":1626992748587,"E":1626992748593}}
1626992748.737916: {"stream":"ctkusdt@depth@100ms","data":{"e":"depthUpdate","E":1626992748693,"T":1626992748640,"s":"CTKUSDT","U":600859735767,"u":600859736383,"pu":600859733659,"b":[["1.01000","85757"]],"a":[["1.01500","20835"],["1.13100","2275"]]}}
1626992748.749761: {"stream":"sushiusdt@depth@100ms","data":{"e":"depthUpdate","E":1626992748704,"T":1626992748682,"s":"SUSHIUSDT","U":600859735910,"u":600859736895,"pu":600859734576,"b":[],"a":[["7.6150","647"],["7.6160","978"],["7.6170","1281"],["7.6190","339"],["7.6200","2310"],["7.6220","1982"],["7.6240","4461"]]}}
1626992748.786471: {"stream":"akrousdt@depth@100ms","data":{"e":"depthUpdate","E":1626992748743,"T":1626992748734,"s":"AKROUSDT","U":600859736363,"u":600859737532,"pu":600859732624,"b":[["0.01722","483338"],["0.01729","729162"],["0.01730","136887"]],"a":[["0.01735","455250"],["0.01741","271726"],["0.01742","226758"]]}}
1626992748.839978: {"stream":"ctkusdt@depth@100ms","data":{"e":"depthUpdate","E":1626992748793,"T":1626992748742,"s":"CTKUSDT","U":600859736958,"u":600859737663,"pu":600859736383,"b":[],"a":[["1.01500","20835"]]}}
1626992748.850402: {"stream":"sushiusdt@depth@100ms","data":{"e":"depthUpdate","E":1626992748807,"T":1626992748795,"s":"SUSHIUSDT","U":600859737146,"u":600859738524,"pu":600859736895,"b":[["7.5440","524"],["7.5980","729"],["7.6010","2486"],["7.6020","4511"]],"a":[["7.6190","1129"],["7.6200","1520"],["7.6260","1475"],["7.6280","2539"],["7.6300","6662"],["8.7480","1620"]]}}
1626992748.918247: {"stream":"ctkusdt@bookTicker","data":{"e":"bookTicker","u":600859739836,"s":"CTKUSDT","b":"1.01000","B":"85757","a":"1.01100","A":"6645","T":1626992748866,"E":1626992748871}}
1626992748.9183512: {"stream":"ctkusdt@kline_1m","data":{"e":"kline","E":1626992748872,"s":"CTKUSDT","k":{"t":1626992700000,"T":1626992759999,"s":"CTKUSDT","i":"1m","f":23961275,"L":23961330,"o":"1.01000","c":"1.01100","h":"1.01100","l":"1.01000","v":"3987","n":56,"x":false,"q":"4028.65900","V":"1789","Q":"1808.67900","B":"0"}}}
1626992748.9262102: {"stream":"sushiusdt@bookTicker","data":{"e":"bookTicker","u":600859739988,"s":"SUSHIUSDT","b":"7.6120","B":"38","a":"7.6130","A":"1","T":1626992748875,"E":1626992748880}}
1626992748.9405801: {"stream":"keepusdt@depth@100ms","data":{"e":"depthUpdate","E":1626992748897,"T":1626992748887,"s":"KEEPUSDT","U":600859738494,"u":600859740225,"pu":600859729258,"b":[["0.2443","5160"],["0.2444","4095"]],"a":[["0.2465","812"]]}}
1626992748.942678: {"stream":"ctkusdt@depth@100ms","data":{"e":"depthUpdate","E":1626992748899,"T":1626992748866,"s":"CTKUSDT","U":600859738531,"u":600859739836,"pu":600859737663,"b":[["1.00600","9269"],["1.00800","23078"],["1.01400","0"]],"a":[["1.01100","6645"],["1.01500","20835"]]}}
1626992748.95883: {"stream":"sushiusdt@depth@100ms","data":{"e":"depthUpdate","E":1626992748914,"T":1626992748894,"s":"SUSHIUSDT","U":600859738790,"u":600859740346,"pu":600859738524,"b":[["7.3720","95"],["7.5470","2917"],["7.6030","799"],["7.6040","1052"],["7.6120","38"]],"a":[["7.6180","2720"],["7.6190","1114"],["7.6360","1129"],["7.6380","1329"]]}}
1626992749.051672: {"stream":"akrousdt@depth@100ms","data":{"e":"depthUpdate","E":1626992749008,"T":1626992748905,"s":"AKROUSDT","U":600859740512,"u":600859740512,"pu":600859737532,"b":[],"a":[["0.01746","146731"]]}}
1626992749.059073: {"stream":"ctkusdt@depth@100ms","data":{"e":"depthUpdate","E":1626992749014,"T":1626992749002,"s":"CTKUSDT","U":600859740591,"u":600859742221,"pu":600859739836,"b":[["1.00600","9269"]],"a":[["1.01500","15887"]]}}
1626992749.066515: {"stream":"ctkusdt@aggTrade","data":{"e":"aggTrade","E":1626992749022,"a":16599300,"s":"CTKUSDT","p":"1.01100","q":"10","f":23961330,"l":23961330,"T":1626992748866,"m":false}}
1626992749.0718138: {"stream":"sushiusdt@depth@100ms","data":{"e":"depthUpdate","E":1626992749026,"T":1626992749017,"s":"SUSHIUSDT","U":600859740783,"u":600859742454,"pu":600859740346,"b":[["7.5790","1469"],["7.5990","697"]],"a":[]}}
1626992749.186792: {"stream":"ctkusdt@depth@100ms","data":{"e":"depthUpdate","E":1626992749141,"T":1626992749078,"s":"CTKUSDT","U":600859742795,"u":600859743456,"pu":600859742221,"b":[],"a":[["1.01500","15887"]]}}
1626992749.204993: {"stream":"sushiusdt@depth@100ms","data":{"e":"depthUpdate","E":1626992749159,"T":1626992749137,"s":"SUSHIUSDT","U":600859743115,"u":600859744184,"pu":600859742454,"b":[],"a":[["7.6200","1845"],["7.6260","1449"]]}}
1626992749.2330601: {"stream":"keepusdt@depth@100ms","data":{"e":"depthUpdate","E":1626992749188,"T":1626992749150,"s":"KEEPUSDT","U":600859743605,"u":600859744606,"pu":600859740225,"b":[["0.2443","4341"]],"a":[["0.2465","812"]]}}
1626992749.3084302: {"stream":"sushiusdt@depth@100ms","data":{"e":"depthUpdate","E":1626992749262,"T":1626992749177,"s":"SUSHIUSDT","U":600859744839,"u":600859745417,"pu":600859744184,"b":[["7.5600","3479"],["7.5610","1386"]],"a":[["7.6200","1819"]]}}
1626992749.335795: {"stream":"akrousdt@depth@100ms","data":{"e":"depthUpdate","E":1626992749290,"T":1626992749185,"s":"AKROUSDT","U":600859745577,"u":600859745577,"pu":600859740512,"b":[],"a":[["0.01746","132431"]]}}
1626992749.3974211: {"stream":"keepusdt@depth@100ms","data":{"e":"depthUpdate","E":1626992749352,"T":1626992749304,"s":"KEEPUSDT","U":600859746645,"u":600859747597,"pu":600859744606,"b":[["0.2388","10022"],["0.2444","4913"]],"a":[["0.2465","812"]]}}
1626992749.454253: {"stream":"sushiusdt@depth@100ms","data":{"e":"depthUpdate","E":1626992749410,"T":1626992749359,"s":"SUSHIUSDT","U":600859747628,"u":600859748638,"pu":600859745417,"b":[["6.1010","6480"],["6.4920","1621"],["7.1810","643"],["7.5500","3198"],["7.5570","1156"]],"a":[["7.6240","4487"],["7.6320","2628"]]}}
1626992749.5557911: {"stream":"akrousdt@depth@100ms","data":{"e":"depthUpdate","E":1626992749510,"T":1626992749442,"s":"AKROUSDT","U":600859749317,"u":600859749786,"pu":600859745577,"b":[["0.01720","497182"],["0.01722","477531"]],"a":[["0.01767","165443"]]}}
1626992749.583147: {"stream":"ctkusdt@depth@100ms","data":{"e":"depthUpdate","E":1626992749537,"T":1626992749525,"s":"CTKUSDT","U":600859749642,"u":600859751258,"pu":600859743456,"b":[["1.00600","14217"]],"a":[["1.01500","15887"]]}}
1626992749.601336: {"stream":"sushiusdt@depth@100ms","data":{"e":"depthUpdate","E":1626992749556,"T":1626992749452,"s":"SUSHIUSDT","U":600859749927,"u":600859749927,"pu":600859748638,"b":[["7.5580","916"]],"a":[]}}
1626992749.648269: {"stream":"keepusdt@depth@100ms","data":{"e":"depthUpdate","E":1626992749602,"T":1626992749552,"s":"KEEPUSDT","U":600859750686,"u":600859751785,"pu":600859747597,"b":[["0.2434","23376"]],"a":[["0.2465","812"]]}}
1626992749.66781: {"stream":"akrousdt@depth@100ms","data":{"e":"depthUpdate","E":1626992749622,"T":1626992749516,"s":"AKROUSDT","U":600859751045,"u":600859751045,"pu":600859749786,"b":[["0.01724","683901"]],"a":[]}}
1626992749.692548: {"stream":"ctkusdt@depth@100ms","data":{"e":"depthUpdate","E":1626992749648,"T":1626992749544,"s":"CTKUSDT","U":600859751599,"u":600859751599,"pu":600859751258,"b":[["1.00600","9269"]],"a":[]}}
1626992749.769561: {"stream":"sushiusdt@depth@100ms","data":{"e":"depthUpdate","E":1626992749725,"T":1626992749688,"s":"SUSHIUSDT","U":600859752969,"u":600859754113,"pu":600859749927,"b":[["7.5760","2009"],["7.6010","2579"]],"a":[["7.6480","810"]]}}
1626992749.870105: {"stream":"ctkusdt@depth@100ms","data":{"e":"depthUpdate","E":1626992749826,"T":1626992749801,"s":"CTKUSDT","U":600859754630,"u":600859755811,"pu":600859751599,"b":[["1.00600","9269"]],"a":[["1.01500","15887"]]}}
1626992749.892693: {"stream":"akrousdt@depth@100ms","data":{"e":"depthUpdate","E":1626992749834,"T":1626992749819,"s":"AKROUSDT","U":600859754799,"u":600859756034,"pu":600859751045,"b":[],"a":[["0.01741","271726"],["0.01742","206748"]]}}
1626992749.930295: {"stream":"sushiusdt@depth@100ms","data":{"e":"depthUpdate","E":1626992749885,"T":1626992749838,"s":"SUSHIUSDT","U":600859755492,"u":600859756288,"pu":600859754113,"b":[["7.6040","728"],["7.6060","1248"],["7.6070","807"]],"a":[]}}
1626992749.956822: {"stream":"keepusdt@depth@100ms","data":{"e":"depthUpdate","E":1626992749911,"T":1626992749865,"s":"KEEPUSDT","U":600859755902,"u":600859756651,"pu":600859751785,"b":[["0.2443","5813"]],"a":[["0.2465","812"]]}}
1626992749.977552: {"stream":"ctkusdt@bookTicker","data":{"e":"bookTicker","u":600859757555,"s":"CTKUSDT","b":"1.01000","B":"85601","a":"1.01100","A":"6645","T":1626992749926,"E":1626992749930}}
1626992749.977651: {"stream":"ctkusdt@kline_1m","data":{"e":"kline","E":1626992749931,"s":"CTKUSDT","k":{"t":1626992700000,"T":1626992759999,"s":"CTKUSDT","i":"1m","f":23961275,"L":23961331,"o":"1.01000","c":"1.01000","h":"1.01100","l":"1.01000","v":"4143","n":57,"x":false,"q":"4186.21900","V":"1789","Q":"1808.67900","B":"0"}}}
1626992749.980458: {"stream":"akrousdt@depth@100ms","data":{"e":"depthUpdate","E":1626992749936,"T":1626992749900,"s":"AKROUSDT","U":600859756228,"u":600859757160,"pu":600859756034,"b":[["0.01557","82643"]],"a":[["0.01738","1179748"],["0.01739","980519"],["0.01742","226758"],["0.01753","33818"]]}}
1626992749.99006: {"stream":"ctkusdt@depth@100ms","data":{"e":"depthUpdate","E":1626992749945,"T":1626992749926,"s":"CTKUSDT","U":600859756299,"u":600859757555,"pu":600859755811,"b":[["1.00600","9269"],["1.01000","85601"]],"a":[["1.01500","15887"]]}}
1626992750.011575: {"stream":"ctkusdt@aggTrade","data":{"e":"aggTrade","E":1626992749966,"a":16599301,"s":"CTKUSDT","p":"1.01000","q":"156","f":23961331,"l":23961331,"T":1626992749926,"m":true}}
1626992750.011675: {"stream":"ctkusdt@bookTicker","data":{"e":"bookTicker","u":600859758124,"s":"CTKUSDT","b":"1.01000","B":"85601","a":"1.01100","A":"5656","T":1626992749963,"E":1626992749966}}
1626992750.0282738: {"stream":"ctkusdt@bookTicker","data":{"e":"bookTicker","u":600859758330,"s":"CTKUSDT","b":"1.01000","B":"85601","a":"1.01100","A":"5661","T":1626992749978,"E":1626992749982}}
1626992750.0824761: {"stream":"keepusdt@depth@100ms","data":{"e":"depthUpdate","E":1626992750036,"T":1626992749942,"s":"KEEPUSDT","U":600859757642,"u":600859757767,"pu":600859756651,"b":[["0.2456","17662"],["0.2457","15918"]],"a":[]}}
1626992750.086731: {"stream":"akrousdt@depth@100ms","data":{"e":"depthUpdate","E":1626992750041,"T":1626992750035,"s":"AKROUSDT","U":600859757686,"u":600859759358,"pu":600859757160,"b":[["0.01714","1498260"]],"a":[["0.01741","291748"],["0.01742","206748"]]}}
1626992750.099683: {"stream":"ctkusdt@bookTicker","data":{"e":"bookTicker","u":600859759614,"s":"CTKUSDT","b":"1.01000","B":"85601","a":"1.01100","A":"5651","T":1626992750047,"E":1626992750052}}
1626992750.0997849: {"stream":"ctkusdt@depth@100ms","data":{"e":"depthUpdate","E":1626992750054,"T":1626992750047,"s":"CTKUSDT","U":600859757881,"u":600859759614,"pu":600859757555,"b":[["1.00600","14217"],["1.01100","0"],["1.01400","0"]],"a":[["1.01100","5651"],["1.01300","17375"],["1.01400","12294"],["1.01500","22293"]]}}
1626992750.161553: {"stream":"ctkusdt@aggTrade","data":{"e":"aggTrade","E":1626992750117,"a":16599302,"s":"CTKUSDT","p":"1.01100","q":"999","f":23961332,"l":23961334,"T":1626992749963,"m":false}}
1626992750.191493: {"stream":"ctkusdt@bookTicker","data":{"e":"bookTicker","u":600859760954,"s":"CTKUSDT","b":"1.01000","B":"85601","a":"1.01100","A":"4551","T":1626992750141,"E":1626992750144}}
1626992750.2005079: {"stream":"ctkusdt@depth@100ms","data":{"e":"depthUpdate","E":1626992750155,"T":1626992750141,"s":"CTKUSDT","U":600859759635,"u":600859760954,"pu":600859759614,"b":[["1.00600","9269"]],"a":[["1.01100","4551"],["1.01500","17345"]]}}
1626992750.2048059: {"stream":"akrousdt@depth@100ms","data":{"e":"depthUpdate","E":1626992750161,"T":1626992750144,"s":"AKROUSDT","U":600859759871,"u":600859761067,"pu":600859759358,"b":[["0.01707","1041036"]],"a":[["0.01741","271726"]]}}
1626992750.213731: {"stream":"sushiusdt@kline_1m","data":{"e":"kline","E":1626992750168,"s":"SUSHIUSDT","k":{"t":1626992700000,"T":1626992759999,"s":"SUSHIUSDT","i":"1m","f":126902874,"L":126902929,"o":"7.6080","c":"7.6130","h":"7.6130","l":"7.6070","v":"1591","n":56,"x":false,"q":"12109.0380","V":"847","Q":"6446.1210","B":"0"}}}
1626992750.213815: {"stream":"sushiusdt@aggTrade","data":{"e":"aggTrade","E":1626992750168,"a":87353232,"s":"SUSHIUSDT","p":"7.6130","q":"1","f":126902929,"l":126902929,"T":1626992750163,"m":false}}
1626992750.213862: {"stream":"sushiusdt@aggTrade","data":{"e":"aggTrade","E":1626992750168,"a":87353233,"s":"SUSHIUSDT","p":"7.6140","q":"173","f":126902930,"l":126902932,"T":1626992750163,"m":false}}
1626992750.213888: {"stream":"sushiusdt@bookTicker","data":{"e":"bookTicker","u":600859761587,"s":"SUSHIUSDT","b":"7.6120","B":"38","a":"7.6150","A":"165","T":1626992750163,"E":1626992750168}}
1626992750.221267: {"stream":"sushiusdt@bookTicker","data":{"e":"bookTicker","u":600859761772,"s":"SUSHIUSDT","b":"7.6120","B":"38","a":"7.6130","A":"28","T":1626992750173,"E":1626992750177}}
1626992750.2271512: {"stream":"sushiusdt@bookTicker","data":{"e":"bookTicker","u":600859761843,"s":"SUSHIUSDT","b":"7.6120","B":"38","a":"7.6150","A":"165","T":1626992750176,"E":1626992750181}}
1626992750.229724: {"stream":"sushiusdt@bookTicker","data":{"e":"bookTicker","u":600859761872,"s":"SUSHIUSDT","b":"7.6130","B":"78","a":"7.6150","A":"165","T":1626992750177,"E":1626992750183}}
1626992750.235671: {"stream":"sushiusdt@bookTicker","data":{"e":"bookTicker","u":600859762002,"s":"SUSHIUSDT","b":"7.6130","B":"78","a":"7.6150","A":"133","T":1626992750187,"E":1626992750192}}
1626992750.237897: {"stream":"sushiusdt@bookTicker","data":{"e":"bookTicker","u":600859762013,"s":"SUSHIUSDT","b":"7.6130","B":"78","a":"7.6150","A":"101","T":1626992750188,"E":1626992750194}}
1626992750.242815: {"stream":"sushiusdt@bookTicker","data":{"e":"bookTicker","u":600859762096,"s":"SUSHIUSDT","b":"7.6130","B":"78","a":"7.6150","A":"94","T":1626992750193,"E":1626992750198}}
1626992750.2429152: {"stream":"sushiusdt@bookTicker","data":{"e":"bookTicker","u":600859762103,"s":"SUSHIUSDT","b":"7.6130","B":"78","a":"7.6150","A":"66","T":1626992750194,"E":1626992750198}}
1626992750.248565: {"stream":"sushiusdt@bookTicker","data":{"e":"bookTicker","u":600859762187,"s":"SUSHIUSDT","b":"7.6130","B":"78","a":"7.6150","A":"31","T":1626992750200,"E":1626992750205}}
1626992750.280203: {"stream":"sushiusdt@bookTicker","data":{"e":"bookTicker","u":600859762704,"s":"SUSHIUSDT","b":"7.6140","B":"1","a":"7.6150","A":"31","T":1626992750230,"E":1626992750234}}
1626992750.297109: {"stream":"sushiusdt@depth@100ms","data":{"e":"depthUpdate","E":1626992750251,"T":1626992750246,"s":"SUSHIUSDT","U":600859761085,"u":600859763017,"pu":600859756288,"b":[["7.5450","1380"],["7.5470","3386"],["7.5610","1326"],["7.5650","198"],["7.5690","1978"],["7.5730","3627"],["7.5800","3375"],["7.5890","1009"],["7.5910","2592"],["7.5920","3153"],["7.5930","3760"],["7.5950","1913"],["7.6010","1922"],["7.6020","2732"],["7.6030","2751"],["7.6040","458"],["7.6050","510"],["7.6060","457"],["7.6070","1675"],["7.6080","64"],["7.6100","240"],["7.6110","128"],["7.6120","21"],["7.6130","78"],["7.6140","1"],["7.6150","0"]],"a":[["7.6130","0"],["7.6140","0"],["7.6150","31"],["7.6160","557"],["7.6170","667"],["7.6180","1168"],["7.6190","1617"],["7.6200","2858"],["7.6210","1351"],["7.6220","1575"],["7.6230","3340"],["7.6240","3385"],["7.6250","1328"],["7.6260","2111"],["7.6290","2493"],["7.6300","6903"],["7.6340","642"],["7.6350","2114"],["7.6380","1359"],["7.6390","3007"],["7.6420","1029"],["7.6440","6150"],["7.6520","761"],["7.6810","2641"],["7.6830","1834"]]}}
1626992750.3015769: {"stream":"sushiusdt@bookTicker","data":{"e":"bookTicker","u":600859763051,"s":"SUSHIUSDT","b":"7.6140","B":"17","a":"7.6150","A":"31","T":1626992750249,"E":1626992750254}}
1626992750.30821: {"stream":"akrousdt@depth@100ms","data":{"e":"depthUpdate","E":1626992750263,"T":1626992750157,"s":"AKROUSDT","U":600859761417,"u":600859761417,"pu":600859761067,"b":[],"a":[["0.01742","226758"]]}}
1626992750.3383198: {"stream":"sushiusdt@bookTicker","data":{"e":"bookTicker","u":600859763802,"s":"SUSHIUSDT","b":"7.6140","B":"20","a":"7.6150","A":"31","T":1626992750287,"E":1626992750293}}
1626992750.343199: {"stream":"ctkusdt@aggTrade","data":{"e":"aggTrade","E":1626992750295,"a":16599303,"s":"CTKUSDT","p":"1.01100","q":"1100","f":23961335,"l":23961338,"T":1626992750141,"m":false}}
1626992750.3561668: {"stream":"sushiusdt@bookTicker","data":{"e":"bookTicker","u":600859764076,"s":"SUSHIUSDT","b":"7.6140","B":"20","a":"7.6160","A":"427","T":1626992750304,"E":1626992750308}}
1626992750.356267: {"stream":"sushiusdt@bookTicker","data":{"e":"bookTicker","u":600859764099,"s":"SUSHIUSDT","b":"7.6140","B":"20","a":"7.6160","A":"458","T":1626992750306,"E":1626992750311}}
1626992750.3642612: {"stream":"sushiusdt@aggTrade","data":{"e":"aggTrade","E":1626992750319,"a":87353234,"s":"SUSHIUSDT","p":"7.6150","q":"482","f":126902933,"l":126902936,"T":1626992750163,"m":false}}
1626992750.379945: {"stream":"sushiusdt@bookTicker","data":{"e":"bookTicker","u":600859765182,"s":"SUSHIUSDT","b":"7.6140","B":"20","a":"7.6160","A":"129","T":1626992750327,"E":1626992750333}}
1626992750.39766: {"stream":"sushiusdt@depth@100ms","data":{"e":"depthUpdate","E":1626992750352,"T":1626992750344,"s":"SUSHIUSDT","U":600859763031,"u":600859766009,"pu":600859763017,"b":[["7.5800","3089"],["7.5920","1388"],["7.5930","3103"],["7.5940","419"],["7.5960","4072"],["7.5970","2465"],["7.5980","755"],["7.6010","1829"],["7.6020","1325"],["7.6030","2500"],["7.6050","460"],["7.6060","857"],["7.6070","1655"],["7.6080","1324"],["7.6090","464"],["7.6100","381"],["7.6110","136"],["7.6120","18"],["7.6140","20"]],"a":[["7.6150","0"],["7.6160","129"],["7.6170","253"],["7.6180","1174"],["7.6190","1567"],["7.6200","2189"],["7.6210","1877"],["7.6220","1549"],["7.6230","2416"],["7.6240","2292"],["7.6250","2625"],["7.6260","1795"],["7.6270","1033"],["7.6280","2198"],["7.6290","2605"],["7.6320","863"],["7.6330","3948"],["7.6370","911"],["7.6390","744"],["7.6410","444"],["7.6420","2635"],["7.6440","6325"],["7.6510","574"],["7.6540","305"],["7.6570","793"],["7.6610","424"],["7.6900","178"]]}}
1626992750.469816: {"stream":"akrousdt@depth@100ms","data":{"e":"depthUpdate","E":1626992750424,"T":1626992750331,"s":"AKROUSDT","U":600859764964,"u":600859765387,"pu":600859761417,"b":[],"a":[["0.01741","291748"],["0.01742","206748"]]}}
1626992750.4699578: {"stream":"sushiusdt@bookTicker","data":{"e":"bookTicker","u":600859768397,"s":"SUSHIUSDT","b":"7.6140","B":"23","a":"7.6160","A":"129","T":1626992750420,"E":1626992750425}}
1626992750.498245: {"stream":"sushiusdt@depth@100ms","data":{"e":"depthUpdate","E":1626992750452,"T":1626992750445,"s":"SUSHIUSDT","U":600859766025,"u":600859769104,"pu":600859766009,"b":[["7.5040","413"],["7.5390","5820"],["7.5540","241"],["7.5580","607"],["7.5670","33"],["7.5770","691"],["7.5800","3264"],["7.5810","42"],["7.5870","854"],["7.5880","1298"],["7.5900","2194"],["7.5910","3961"],["7.5930","2861"],["7.5940","486"],["7.5950","2242"],["7.5980","557"],["7.5990","764"],["7.6000","332"],["7.6010","1631"],["7.6020","604"],["7.6030","1673"],["7.6040","2614"],["7.6050","1571"],["7.6060","1317"],["7.6080","1304"],["7.6090","592"],["7.6110","111"],["7.6120","46"],["7.6140","23"]],"a":[["7.6170","166"],["7.6180","504"],["7.6190","777"],["7.6200","2128"],["7.6220","2365"],["7.6240","2278"],["7.6250","3228"],["7.6260","1593"],["7.6270","1178"],["7.6280","2131"],["7.6290","2717"],["7.6300","3753"],["7.6310","1430"],["7.6320","246"],["7.6330","4115"],["7.6340","1259"],["7.6350","2045"],["7.6620","539"],["7.6650","333"],["7.6770","2442"],["7.6780","546"],["7.8970","97"]]}}
1626992750.571916: {"stream":"sushiusdt@bookTicker","data":{"e":"bookTicker","u":600859770928,"s":"SUSHIUSDT","b":"7.6140","B":"23","a":"7.6160","A":"103","T":1626992750518,"E":1626992750525}}
1626992750.573663: {"stream":"akrousdt@depth@100ms","data":{"e":"depthUpdate","E":1626992750527,"T":1626992750510,"s":"AKROUSDT","U":600859768536,"u":600859770707,"pu":600859765387,"b":[["0.01724","647729"],["0.01725","955616"]],"a":[["0.01741","271726"],["0.01742","226758"]]}}
1626992750.58742: {"stream":"sushiusdt@bookTicker","data":{"e":"bookTicker","u":600859771315,"s":"SUSHIUSDT","b":"7.6150","B":"6","a":"7.6160","A":"103","T":1626992750535,"E":1626992750542}}
1626992750.598132: {"stream":"sushiusdt@bookTicker","data":{"e":"bookTicker","u":600859771545,"s":"SUSHIUSDT","b":"7.6150","B":"7","a":"7.6160","A":"103","T":1626992750546,"E":1626992750552}}
1626992750.6002738: {"stream":"sushiusdt@depth@100ms","data":{"e":"depthUpdate","E":1626992750554,"T":1626992750546,"s":"SUSHIUSDT","U":600859769245,"u":600859771545,"pu":600859769104,"b":[["7.4920","446"],["7.4970","737"],["7.5640","800"],["7.5680","8661"],["7.5700","672"],["7.5840","3047"],["7.5970","2404"],["7.6000","200"],["7.6020","578"],["7.6030","1537"],["7.6050","1571"],["7.6080","1628"],["7.6110","111"],["7.6120","39"],["7.6150","7"]],"a":[["7.6160","103"],["7.6170","367"],["7.6180","480"],["7.6190","1552"],["7.6200","2848"],["7.6220","1575"],["7.6300","3820"],["7.6350","2220"],["7.6370","979"],["7.6620","461"],["7.6920","16"],["7.6960","1060"]]}}
1626992750.700384: {"stream":"sushiusdt@depth@100ms","data":{"e":"depthUpdate","E":1626992750654,"T":1626992750648,"s":"SUSHIUSDT","U":600859771612,"u":600859773956,"pu":600859771545,"b":[["7.5570","1070"],["7.5610","1412"],["7.5740","704"],["7.5860","995"],["7.5880","1915"],["7.5990","1022"],["7.6040","2690"],["7.6070","655"],["7.6080","2431"],["7.6090","890"],["7.6100","486"],["7.6110","170"],["7.6120","40"]],"a":[["7.6170","226"],["7.6180","454"],["7.6190","762"],["7.6200","1322"],["7.6210","1892"],["7.6220","2415"],["7.6230","2085"],["7.6240","2428"],["7.6290","2060"],["7.6300","3342"],["7.6310","1157"],["7.6340","1178"],["7.6370","1060"],["7.6450","1512"],["7.6590","572"],["7.6860","231"],["7.6920","196"]]}}
1626992750.707904: {"stream":"sushiusdt@bookTicker","data":{"e":"bookTicker","u":600859774204,"s":"SUSHIUSDT","b":"7.6150","B":"13","a":"7.6160","A":"103","T":1626992750657,"E":1626992750663}}
1626992750.708004: {"stream":"sushiusdt@bookTicker","data":{"e":"bookTicker","u":600859774246,"s":"SUSHIUSDT","b":"7.6150","B":"15","a":"7.6160","A":"103","T":1626992750659,"E":1626992750663}}
1626992750.728881: {"stream":"ctkusdt@depth@100ms","data":{"e":"depthUpdate","E":1626992750683,"T":1626992750580,"s":"CTKUSDT","U":600859772359,"u":600859772359,"pu":600859760954,"b":[["0.99900","9777"]],"a":[]}}
1626992750.7951932: {"stream":"sushiusdt@bookTicker","data":{"e":"bookTicker","u":600859776170,"s":"SUSHIUSDT","b":"7.6150","B":"16","a":"7.6160","A":"103","T":1626992750744,"E":1626992750748}}
1626992750.799223: {"stream":"sushiusdt@depth@100ms","data":{"e":"depthUpdate","E":1626992750756,"T":1626992750744,"s":"SUSHIUSDT","U":600859774023,"u":600859776170,"pu":600859773956,"b":[["7.5760","1695"],["7.5780","620"],["7.5790","2969"],["7.5840","3063"],["7.6010","1691"],["7.6020","617"],["7.6030","1517"],["7.6040","2640"],["7.6050","1371"],["7.6060","1517"],["7.6070","725"],["7.6080","1712"],["7.6120","38"],["7.6140","19"],["7.6150","16"]],"a":[["7.6170","216"],["7.6210","1802"],["7.6260","1580"],["7.6330","4389"],["7.6510","2074"]]}}
1626992750.816618: {"stream":"sushiusdt@bookTicker","data":{"e":"bookTicker","u":600859776661,"s":"SUSHIUSDT","b":"7.6150","B":"32","a":"7.6160","A":"103","T":1626992750767,"E":1626992750771}}
1626992750.839191: {"stream":"ctkusdt@depth@100ms","data":{"e":"depthUpdate","E":1626992750794,"T":1626992750722,"s":"CTKUSDT","U":600859774917,"u":600859775614,"pu":600859772359,"b":[["0.90900","536"],["0.98500","21773"]],"a":[["1.01300","17993"],["1.01500","16727"]]}}
1626992750.8529449: {"stream":"sushiusdt@bookTicker","data":{"e":"bookTicker","u":600859777317,"s":"SUSHIUSDT","b":"7.6150","B":"35","a":"7.6160","A":"103","T":1626992750801,"E":1626992750806}}
1626992750.8535721: {"stream":"akrousdt@depth@100ms","data":{"e":"depthUpdate","E":1626992750810,"T":1626992750705,"s":"AKROUSDT","U":600859775247,"u":600859775247,"pu":600859770707,"b":[["0.01720","488462"]],"a":[]}}
1626992750.9054568: {"stream":"sushiusdt@depth@100ms","data":{"e":"depthUpdate","E":1626992750861,"T":1626992750856,"s":"SUSHIUSDT","U":600859776411,"u":600859778243,"pu":600859776170,"b":[["3.8080","30"],["7.6040","2838"],["7.6080","1592"],["7.6090","1729"],["7.6110","275"],["7.6120","38"],["7.6140","25"],["7.6150","35"]],"a":[["7.6210","2592"],["7.6220","1625"],["7.6260","1821"],["7.6280","1231"],["7.6360","2029"],["7.6380","1495"]]}}
1626992750.959994: {"stream":"ctkusdt@depth@100ms","data":{"e":"depthUpdate","E":1626992750915,"T":1626992750876,"s":"CTKUSDT","U":600859777488,"u":600859778576,"pu":600859775614,"b":[["1.00600","14217"]],"a":[["1.01400","12294"],["1.01500","16727"]]}}
1626992751.017868: {"stream":"sushiusdt@depth@100ms","data":{"e":"depthUpdate","E":1626992750972,"T":1626992750957,"s":"SUSHIUSDT","U":600859778440,"u":600859779866,"pu":600859778243,"b":[["7.5600","3810"],["7.5930","2831"],["7.5940","516"],["7.5970","2888"],["7.5980","531"],["7.6000","226"],["7.6010","2131"],["7.6020","815"],["7.6030","914"],["7.6040","3850"],["7.6050","1271"],["7.6070","825"],["7.6090","1586"],["7.6100","629"]],"a":[["7.6220","1375"],["7.6240","2512"],["7.6340","1848"],["7.6380","1465"],["7.6410","474"]]}}
1626992751.048105: {"stream":"akrousdt@depth@100ms","data":{"e":"depthUpdate","E":1626992751003,"T":1626992750898,"s":"AKROUSDT","U":600859778897,"u":600859778897,"pu":600859775247,"b":[["0.01721","539195"]],"a":[]}}
1626992751.0641642: {"stream":"ctkusdt@depth@100ms","data":{"e":"depthUpdate","E":1626992751019,"T":1626992750915,"s":"CTKUSDT","U":600859779203,"u":600859779203,"pu":600859778576,"b":[["1.00600","9269"]],"a":[]}}
1626992751.13986: {"stream":"sushiusdt@depth@100ms","data":{"e":"depthUpdate","E":1626992751095,"T":1626992751081,"s":"SUSHIUSDT","U":600859780367,"u":600859782130,"pu":600859779866,"b":[["7.5620","2086"],["7.5670","146"],["7.5800","3466"],["7.5880","2097"],["7.5940","677"],["7.5990","955"],["7.6010","2198"],["7.6120","31"]],"a":[["7.6250","4076"],["7.6490","12452"]]}}
1626992751.17484: {"stream":"akrousdt@depth@100ms","data":{"e":"depthUpdate","E":1626992751129,"T":1626992751055,"s":"AKROUSDT","U":600859780939,"u":600859781779,"pu":600859778897,"b":[["0.01729","777162"]],"a":[["0.01737","489979"],["0.01739","938519"]]}}
1626992751.1772952: {"stream":"keepusdt@depth@100ms","data":{"e":"depthUpdate","E":1626992751133,"T":1626992751057,"s":"KEEPUSDT","U":600859781083,"u":600859781822,"pu":600859757767,"b":[],"a":[["0.2465","0"],["0.2469","9146"]]}}
1626992751.188739: {"stream":"sushiusdt@bookTicker","data":{"e":"bookTicker","u":600859782972,"s":"SUSHIUSDT","b":"7.6150","B":"35","a":"7.6160","A":"31","T":1626992751139,"E":1626992751143}}
1626992751.2084491: {"stream":"sushiusdt@bookTicker","data":{"e":"bookTicker","u":600859783726,"s":"SUSHIUSDT","b":"7.6150","B":"35","a":"7.6170","A":"247","T":1626992751153,"E":1626992751160}}
1626992751.2199008: {"stream":"sushiusdt@bookTicker","data":{"e":"bookTicker","u":600859784159,"s":"SUSHIUSDT","b":"7.6150","B":"35","a":"7.6170","A":"70","T":1626992751169,"E":1626992751174}}
1626992751.24887: {"stream":"sushiusdt@depth@100ms","data":{"e":"depthUpdate","E":1626992751204,"T":1626992751194,"s":"SUSHIUSDT","U":600859782345,"u":600859784705,"pu":600859782130,"b":[["7.5720","4365"],["7.5930","2558"],["7.5970","2838"],["7.5980","804"],["7.5990","1005"],["7.6050","1201"],["7.6060","1587"],["7.6100","590"],["7.6120","38"],["7.6130","117"]],"a":[["7.6160","0"],["7.6170","70"],["7.6180","210"],["7.6190","1028"],["7.6200","1336"],["7.6210","2150"],["7.6230","1420"],["7.6250","3621"],["7.6260","1951"],["7.6270","1010"],["7.6280","1338"],["7.6300","3181"],["7.6330","3949"],["7.6420","2035"],["7.6430","2946"],["7.6470","4004"],["7.6480","687"],["7.6520","1498"],["7.6530","912"]]}}
1626992751.285152: {"stream":"ctkusdt@kline_1m","data":{"e":"kline","E":1626992751239,"s":"CTKUSDT","k":{"t":1626992700000,"T":1626992759999,"s":"CTKUSDT","i":"1m","f":23961275,"L":23961339,"o":"1.01000","c":"1.01100","h":"1.01100","l":"1.01000","v":"6252","n":65,"x":false,"q":"6318.41800","V":"3898","Q":"3940.87800","B":"0"}}}
1626992751.285275: {"stream":"ctkusdt@bookTicker","data":{"e":"bookTicker","u":600859785509,"s":"CTKUSDT","b":"1.01000","B":"85601","a":"1.01100","A":"4541","T":1626992751234,"E":1626992751239}}
1626992751.2882931: {"stream":"keepusdt@depth@100ms","data":{"e":"depthUpdate","E":1626992751243,"T":1626992751139,"s":"KEEPUSDT","U":600859782988,"u":600859782988,"pu":600859781822,"b":[],"a":[["0.2466","1248"]]}}
1626992751.291501: {"stream":"akrousdt@depth@100ms","data":{"e":"depthUpdate","E":1626992751246,"T":1626992751200,"s":"AKROUSDT","U":600859783112,"u":600859784824,"pu":600859781779,"b":[["0.01725","919980"]],"a":[["0.01759","189380"]]}}
1626992751.304375: {"stream":"sushiusdt@bookTicker","data":{"e":"bookTicker","u":600859785823,"s":"SUSHIUSDT","b":"7.6150","B":"34","a":"7.6170","A":"70","T":1626992751253,"E":1626992751258}}
1626992751.310722: {"stream":"sushiusdt@bookTicker","data":{"e":"bookTicker","u":600859785956,"s":"SUSHIUSDT","b":"7.6160","B":"1","a":"7.6170","A":"70","T":1626992751262,"E":1626992751266}}
1626992751.3505092: {"stream":"sushiusdt@bookTicker","data":{"e":"bookTicker","u":600859786585,"s":"SUSHIUSDT","b":"7.6160","B":"17","a":"7.6170","A":"70","T":1626992751299,"E":1626992751304}}
1626992751.35061: {"stream":"sushiusdt@depth@100ms","data":{"e":"depthUpdate","E":1626992751305,"T":1626992751299,"s":"SUSHIUSDT","U":600859784862,"u":600859786605,"pu":600859784705,"b":[["7.5850","1810"],["7.5890","1209"],["7.5900","2019"],["7.5950","993"],["7.5970","1851"],["7.6010","3185"],["7.6020","1012"],["7.6040","3757"],["7.6080","724"],["7.6090","1735"],["7.6120","7"],["7.6130","148"],["7.6140","51"],["7.6150","18"],["7.6160","17"]],"a":[["7.6180","360"],["7.6190","765"],["7.6200","1021"],["7.6210","2135"],["7.6220","1364"],["7.6240","1546"],["7.6250","2937"],["7.6260","1977"],["7.6270","1666"],["7.6290","1640"],["7.6300","2236"],["7.6310","1888"],["7.6320","863"],["7.6330","3607"],["7.6380","1055"],["7.6390","1184"],["7.6400","781"],["7.6410","557"],["7.6420","2031"],["7.6430","3146"],["7.6480","604"],["7.6760","2128"],["7.6790","475"]]}}
1626992751.360739: {"stream":"sushiusdt@bookTicker","data":{"e":"bookTicker","u":600859786805,"s":"SUSHIUSDT","b":"7.6160","B":"20","a":"7.6170","A":"70","T":1626992751310,"E":1626992751315}}
1626992751.3844821: {"stream":"ctkusdt@depth@100ms","data":{"e":"depthUpdate","E":1626992751339,"T":1626992751308,"s":"CTKUSDT","U":600859785505,"u":600859786769,"pu":600859779203,"b":[["1.00600","9269"],["1.01400","0"]],"a":[["1.01100","4541"],["1.01500","16727"]]}}
1626992751.39831: {"stream":"akrousdt@depth@100ms","data":{"e":"depthUpdate","E":1626992751354,"T":1626992751255,"s":"AKROUSDT","U":600859785743,"u":600859785847,"pu":600859784824,"b":[["0.01705","109040"],["0.01726","552302"]],"a":[]}}
1626992751.435932: {"stream":"ctkusdt@aggTrade","data":{"e":"aggTrade","E":1626992751390,"a":16599304,"s":"CTKUSDT","p":"1.01100","q":"10","f":23961339,"l":23961339,"T":1626992751234,"m":false}}
1626992751.4549499: {"stream":"sushiusdt@depth@100ms","data":{"e":"depthUpdate","E":1626992751409,"T":1626992751404,"s":"SUSHIUSDT","U":600859786666,"u":600859788443,"pu":600859786605,"b":[["7.5790","2500"],["7.5830","4943"],["7.5870","414"],["7.5920","1563"],["7.5980","1067"],["7.5990","1543"],["7.6060","1587"],["7.6070","796"],["7.6080","724"],["7.6090","1703"],["7.6100","658"],["7.6110","307"],["7.6120","64"],["7.6130","155"],["7.6150","15"],["7.6160","20"]],"a":[["7.6180","336"],["7.6190","852"],["7.6200","1053"],["7.6210","1345"],["7.6230","1606"],["7.6240","2362"],["7.6290","1971"],["7.6310","1944"],["7.6330","3333"],["7.6350","2862"],["7.6410","831"],["7.6470","3535"],["7.6500","4028"],["7.6520","1225"],["7.6540","376"],["7.6560","258"]]}}
1626992751.461594: {"stream":"sushiusdt@aggTrade","data":{"e":"aggTrade","E":1626992751415,"a":87353235,"s":"SUSHIUSDT","p":"7.6160","q":"20","f":126902937,"l":126902939,"T":1626992751410,"m":true}}
1626992751.461697: {"stream":"sushiusdt@aggTrade","data":{"e":"aggTrade","E":1626992751415,"a":87353236,"s":"SUSHIUSDT","p":"7.6150","q":"15","f":126902940,"l":126902943,"T":1626992751410,"m":true}}
1626992751.4617422: {"stream":"sushiusdt@bookTicker","data":{"e":"bookTicker","u":600859788582,"s":"SUSHIUSDT","b":"7.6140","B":"28","a":"7.6170","A":"70","T":1626992751410,"E":1626992751415}}
1626992751.461782: {"stream":"sushiusdt@kline_1m","data":{"e":"kline","E":1626992751416,"s":"SUSHIUSDT","k":{"t":1626992700000,"T":1626992759999,"s":"SUSHIUSDT","i":"1m","f":126902874,"L":126902937,"o":"7.6080","c":"7.6160","h":"7.6160","l":"7.6070","v":"2247","n":64,"x":false,"q":"17104.3060","V":"1502","Q":"11433.7730","B":"0"}}}
1626992751.4731772: {"stream":"sushiusdt@bookTicker","data":{"e":"bookTicker","u":600859788775,"s":"SUSHIUSDT","b":"7.6140","B":"8","a":"7.6170","A":"70","T":1626992751418,"E":1626992751425}}
1626992751.4732742: {"stream":"sushiusdt@bookTicker","data":{"e":"bookTicker","u":600859788819,"s":"SUSHIUSDT","b":"7.6140","B":"36","a":"7.6170","A":"70","T":1626992751422,"E":1626992751426}}
1626992751.481457: {"stream":"sushiusdt@bookTicker","data":{"e":"bookTicker","u":600859788978,"s":"SUSHIUSDT","b":"7.6140","B":"36","a":"7.6170","A":"93","T":1626992751429,"E":1626992751435}}
1626992751.492299: {"stream":"ctkusdt@depth@100ms","data":{"e":"depthUpdate","E":1626992751447,"T":1626992751341,"s":"CTKUSDT","U":600859787342,"u":600859787342,"pu":600859786769,"b":[],"a":[["1.13100","1039"]]}}
1626992751.5049229: {"stream":"sushiusdt@bookTicker","data":{"e":"bookTicker","u":600859789482,"s":"SUSHIUSDT","b":"7.6140","B":"35","a":"7.6170","A":"93","T":1626992751453,"E":1626992751459}}
1626992751.516769: {"stream":"akrousdt@depth@100ms","data":{"e":"depthUpdate","E":1626992751474,"T":1626992751369,"s":"AKROUSDT","U":600859787838,"u":600859787838,"pu":600859785847,"b":[],"a":[["0.01758","315854"]]}}
1626992751.534462: {"stream":"sushiusdt@bookTicker","data":{"e":"bookTicker","u":600859789958,"s":"SUSHIUSDT","b":"7.6140","B":"25","a":"7.6170","A":"93","T":1626992751483,"E":1626992751487}}
1626992751.556194: {"stream":"sushiusdt@depth@100ms","data":{"e":"depthUpdate","E":1626992751513,"T":1626992751495,"s":"SUSHIUSDT","U":600859788529,"u":600859790169,"pu":600859788443,"b":[["7.5020","243"],["7.5230","3701"],["7.5470","2982"],["7.5510","1286"],["7.5920","2003"],["7.5990","1872"],["7.6070","1119"],["7.6080","1592"],["7.6090","1554"],["7.6110","274"],["7.6120","0"],["7.6130","125"],["7.6140","25"],["7.6150","0"],["7.6160","0"]],"a":[["7.6170","93"],["7.6180","453"],["7.6190","829"],["7.6220","2154"],["7.6240","1572"],["7.6340","2175"],["7.6350","2687"],["7.6370","1235"],["7.6470","3570"],["7.6550","1414"],["7.6570","389"],["7.6600","8907"]]}}
1626992751.610762: {"stream":"sushiusdt@aggTrade","data":{"e":"aggTrade","E":1626992751566,"a":87353237,"s":"SUSHIUSDT","p":"7.6140","q":"54","f":126902944,"l":126902949,"T":1626992751410,"m":true}}
1626992751.637398: {"stream":"sushiusdt@bookTicker","data":{"e":"bookTicker","u":600859791653,"s":"SUSHIUSDT","b":"7.6140","B":"25","a":"7.6170","A":"70","T":1626992751589,"E":1626992751593}}
1626992751.664139: {"stream":"sushiusdt@depth@100ms","data":{"e":"depthUpdate","E":1626992751619,"T":1626992751613,"s":"SUSHIUSDT","U":600859790458,"u":600859792061,"pu":600859790169,"b":[["7.5920","1674"],["7.6010","2533"],["7.6040","4007"],["7.6080","868"],["7.6090","1973"]],"a":[["7.6170","70"],["7.6180","476"],["7.6210","2135"],["7.6220","1349"],["7.6290","2300"],["7.6300","1893"],["7.6330","3810"],["7.6540","305"],["7.6590","632"],["7.6860","171"]]}}
1626992751.678977: {"stream":"sushiusdt@bookTicker","data":{"e":"bookTicker","u":600859792277,"s":"SUSHIUSDT","b":"7.6140","B":"25","a":"7.6160","A":"131","T":1626992751627,"E":1626992751633}}
1626992751.687466: {"stream":"akrousdt@depth@100ms","data":{"e":"depthUpdate","E":1626992751643,"T":1626992751539,"s":"AKROUSDT","U":600859790864,"u":600859790864,"pu":600859787838,"b":[],"a":[["0.01734","370326"]]}}
1626992751.712152: {"stream":"ctkusdt@depth@100ms","data":{"e":"depthUpdate","E":1626992751668,"T":1626992751641,"s":"CTKUSDT","U":600859791252,"u":600859792554,"pu":600859787342,"b":[["1.00600","9269"]],"a":[["1.01500","21675"]]}}
1626992751.7185862: {"stream":"sushiusdt@bookTicker","data":{"e":"bookTicker","u":600859793033,"s":"SUSHIUSDT","b":"7.6130","B":"118","a":"7.6160","A":"131","T":1626992751668,"E":1626992751675}}
1626992751.7223969: {"stream":"sushiusdt@bookTicker","data":{"e":"bookTicker","u":600859793084,"s":"SUSHIUSDT","b":"7.6130","B":"118","a":"7.6160","A":"162","T":1626992751671,"E":1626992751677}}
1626992751.7331269: {"stream":"sushiusdt@bookTicker","data":{"e":"bookTicker","u":600859793258,"s":"SUSHIUSDT","b":"7.6130","B":"118","a":"7.6140","A":"70","T":1626992751683,"E":1626992751688}}
1626992751.764918: {"stream":"sushiusdt@depth@100ms","data":{"e":"depthUpdate","E":1626992751720,"T":1626992751713,"s":"SUSHIUSDT","U":600859792098,"u":600859793805,"pu":600859792061,"b":[["7.5890","1249"],["7.5920","1664"],["7.5940","647"],["7.6000","246"],["7.6020","1027"],["7.6040","4257"],["7.6050","1271"],["7.6060","2048"],["7.6080","15"],["7.6090","930"],["7.6100","538"],["7.6110","194"],["7.6130","118"],["7.6140","0"]],"a":[["7.6140","70"],["7.6150","46"],["7.6160","324"],["7.6170","793"],["7.6180","412"],["7.6190","341"],["7.6200","1318"],["7.6220","1099"],["7.6230","1506"],["7.6250","3067"],["7.6260","1847"],["7.6280","2156"],["7.6310","2612"],["7.6350","2717"],["7.6410","801"]]}}
1626992751.769192: {"stream":"sushiusdt@bookTicker","data":{"e":"bookTicker","u":600859793912,"s":"SUSHIUSDT","b":"7.6130","B":"118","a":"7.6150","A":"46","T":1626992751720,"E":1626992751725}}
1626992751.806117: {"stream":"sushiusdt@bookTicker","data":{"e":"bookTicker","u":600859794497,"s":"SUSHIUSDT","b":"7.6130","B":"117","a":"7.6150","A":"46","T":1626992751753,"E":1626992751758}}
1626992751.8070889: {"stream":"sushiusdt@kline_1m","data":{"e":"kline","E":1626992751762,"s":"SUSHIUSDT","k":{"t":1626992700000,"T":1626992759999,"s":"SUSHIUSDT","i":"1m","f":126902874,"L":126902950,"o":"7.6080","c":"7.6130","h":"7.6160","l":"7.6070","v":"2353","n":77,"x":false,"q":"17911.4250","V":"1502","Q":"11433.7730","B":"0"}}}
