wss://stream.binance.us:9443/stream?streams=crvusdt@depth@100ms/compusdt@depth@100ms/omgbusd@depth@100ms/zrxusdt@depth@100ms/crvusdt@aggTrade/compusdt@aggTrade/omgbusd@aggTrade/zrxusdt@aggTrade/crvusdt@kline_1m/compusdt@kline_1m/omgbusd@kline_1m/zrxusdt@kline_1m/crvusdt@bookTicker/compusdt@bookTicker/omgbusd@bookTicker/zrxusdt@bookTicker <-> 1633998274.5036721
1633998274.723671: {"stream":"compusdt@depth@100ms","data":{"e":"depthUpdate","E":1633998274793,"s":"COMPUSDT","U":113129219,"u":113129219,"b":[],"a":[["297.32000000","19.08719000"]]}}
1633998275.020509: {"stream":"omgbusd@depth@100ms","data":{"e":"depthUpdate","E":1633998275094,"s":"OMGBUSD","U":77819467,"u":77819467,"b":[["13.75700000","107.84000000"]],"a":[]}}
1633998275.093288: {"stream":"compusdt@depth@100ms","data":{"e":"depthUpdate","E":1633998275094,"s":"COMPUSDT","U":113129220,"u":113129220,"b":[],"a":[["297.23000000","1.40000000"]]}}
1633998275.1193862: {"stream":"crvusdt@depth@100ms","data":{"e":"depthUpdate","E":1633998275194,"s":"CRVUSDT","U":1938833,"u":1938834,"b":[["2.63700000","0.00000000"],["2.63400000","91.00000000"]],"a":[]}}
1633998275.2189188: {"stream":"omgbusd@depth@100ms","data":{"e":"depthUpdate","E":1633998275294,"s":"OMGBUSD","U":77819468,"u":77819468,"b":[["13.75700000","0.00000000"]],"a":[]}}
1633998275.319573: {"stream":"compusdt@depth@100ms","data":{"e":"depthUpdate","E":1633998275394,"s":"COMPUSDT","U":113129221,"u":113129222,"b":[["296.45000000","38.69742000"],["296.17000000","0.00000000"]],"a":[]}}
1633998276.319948: {"stream":"omgbusd@depth@100ms","data":{"e":"depthUpdate","E":1633998276395,"s":"OMGBUSD","U":77819469,"u":77819469,"b":[["13.75520000","107.73000000"]],"a":[]}}
1633998276.419989: {"stream":"omgbusd@depth@100ms","data":{"e":"depthUpdate","E":1633998276495,"s":"OMGBUSD","U":77819470,"u":77819470,"b":[["13.75150000","72.72000000"]],"a":[]}}
1633998276.480073: {"stream":"omgbusd@bookTicker","data":{"u":77819472,"s":"OMGBUSD","b":"13.76640000","B":"30.28000000","a":"13.79520000","A":"31.57000000"}}
1633998276.522103: {"stream":"omgbusd@depth@100ms","data":{"e":"depthUpdate","E":1633998276595,"s":"OMGBUSD","U":77819471,"u":77819472,"b":[],"a":[["13.79520000","31.57000000"],["14.51870000","0.00000000"]]}}
1633998276.800738: {"stream":"omgbusd@bookTicker","data":{"u":77819474,"s":"OMGBUSD","b":"13.76640000","B":"30.28000000","a":"13.79500000","A":"2.49000000"}}
1633998276.822599: {"stream":"omgbusd@depth@100ms","data":{"e":"depthUpdate","E":1633998276895,"s":"OMGBUSD","U":77819473,"u":77819474,"b":[],"a":[["13.79500000","2.49000000"],["13.79640000","0.00000000"]]}}
1633998277.1212149: {"stream":"omgbusd@depth@100ms","data":{"e":"depthUpdate","E":1633998277195,"s":"OMGBUSD","U":77819475,"u":77819475,"b":[["13.75520000","0.00000000"]],"a":[]}}
1633998277.220284: {"stream":"compusdt@depth@100ms","data":{"e":"depthUpdate","E":1633998277295,"s":"COMPUSDT","U":113129223,"u":113129223,"b":[],"a":[["297.31000000","0.00000000"]]}}
1633998277.2937732: {"stream":"compusdt@bookTicker","data":{"u":113129225,"s":"COMPUSDT","b":"296.58000000","B":"1.40000000","a":"297.21000000","A":"1.50000000"}}
1633998277.3204632: {"stream":"compusdt@depth@100ms","data":{"e":"depthUpdate","E":1633998277395,"s":"COMPUSDT","U":113129224,"u":113129226,"b":[["296.35000000","5.08132000"]],"a":[["297.08000000","0.00000000"],["297.32000000","0.00000000"]]}}
1633998277.494484: {"stream":"compusdt@bookTicker","data":{"u":113129228,"s":"COMPUSDT","b":"296.63000000","B":"16.83021000","a":"297.21000000","A":"1.50000000"}}
1633998277.5031521: {"stream":"compusdt@bookTicker","data":{"u":113129230,"s":"COMPUSDT","b":"296.66000000","B":"1.40000000","a":"297.21000000","A":"1.50000000"}}
1633998277.5209332: {"stream":"compusdt@depth@100ms","data":{"e":"depthUpdate","E":1633998277595,"s":"COMPUSDT","U":113129227,"u":113129230,"b":[["296.66000000","1.40000000"],["296.63000000","16.83021000"],["296.58000000","0.00000000"],["296.49000000","0.69948000"]],"a":[]}}
1633998277.721705: {"stream":"compusdt@depth@100ms","data":{"e":"depthUpdate","E":1633998277795,"s":"COMPUSDT","U":113129231,"u":113129233,"b":[["296.25000000","0.00000000"]],"a":[["297.61000000","0.00000000"],["297.79000000","1.80000000"]]}}
1633998277.821541: {"stream":"omgbusd@depth@100ms","data":{"e":"depthUpdate","E":1633998277896,"s":"OMGBUSD","U":77819476,"u":77819476,"b":[],"a":[["13.80340000","110.06000000"]]}}
1633998278.120737: {"stream":"omgbusd@depth@100ms","data":{"e":"depthUpdate","E":1633998278196,"s":"OMGBUSD","U":77819477,"u":77819478,"b":[["13.75610000","108.59000000"]],"a":[["13.80340000","0.00000000"]]}}
1633998278.221225: {"stream":"compusdt@depth@100ms","data":{"e":"depthUpdate","E":1633998278296,"s":"COMPUSDT","U":113129234,"u":113129234,"b":[],"a":[["297.27000000","5.11352000"]]}}
1633998279.124036: {"stream":"omgbusd@depth@100ms","data":{"e":"depthUpdate","E":1633998279196,"s":"OMGBUSD","U":77819479,"u":77819479,"b":[],"a":[["13.80190000","107.66000000"]]}}
1633998279.223159: {"stream":"omgbusd@depth@100ms","data":{"e":"depthUpdate","E":1633998279296,"s":"OMGBUSD","U":77819480,"u":77819480,"b":[],"a":[["13.80190000","0.00000000"]]}}
1633998279.322368: {"stream":"compusdt@depth@100ms","data":{"e":"depthUpdate","E":1633998279396,"s":"COMPUSDT","U":113129235,"u":113129235,"b":[],"a":[["297.45000000","91.68930000"]]}}
1633998279.5224571: {"stream":"compusdt@depth@100ms","data":{"e":"depthUpdate","E":1633998279597,"s":"COMPUSDT","U":113129236,"u":113129236,"b":[["296.62000000","5.04786000"]],"a":[]}}
1633998279.72096: {"stream":"omgbusd@depth@100ms","data":{"e":"depthUpdate","E":1633998279797,"s":"OMGBUSD","U":77819481,"u":77819481,"b":[["13.74710000","0.00000000"]],"a":[]}}
1633998279.823542: {"stream":"compusdt@depth@100ms","data":{"e":"depthUpdate","E":1633998279897,"s":"COMPUSDT","U":113129237,"u":113129237,"b":[],"a":[["297.22000000","6.55836000"]]}}
1633998279.921637: {"stream":"omgbusd@depth@100ms","data":{"e":"depthUpdate","E":1633998279997,"s":"OMGBUSD","U":77819482,"u":77819482,"b":[["13.56330000","0.00000000"]],"a":[]}}
1633998279.924293: {"stream":"compusdt@depth@100ms","data":{"e":"depthUpdate","E":1633998279997,"s":"COMPUSDT","U":113129238,"u":113129238,"b":[],"a":[["297.23000000","0.00000000"]]}}
1633998279.9253068: {"stream":"compusdt@bookTicker","data":{"u":113129239,"s":"COMPUSDT","b":"296.66000000","B":"1.40000000","a":"297.21000000","A":"2.90000000"}}
1633998279.929485: {"stream":"compusdt@bookTicker","data":{"u":113129240,"s":"COMPUSDT","b":"296.66000000","B":"1.40000000","a":"297.20000000","A":"1.40000000"}}
1633998279.994008: {"stream":"compusdt@bookTicker","data":{"u":113129242,"s":"COMPUSDT","b":"296.63000000","B":"16.83021000","a":"297.20000000","A":"1.40000000"}}
1633998280.023455: {"stream":"omgbusd@depth@100ms","data":{"e":"depthUpdate","E":1633998280097,"s":"OMGBUSD","U":77819483,"u":77819483,"b":[],"a":[["13.86790000","0.00000000"]]}}
1633998280.025461: {"stream":"compusdt@depth@100ms","data":{"e":"depthUpdate","E":1633998280097,"s":"COMPUSDT","U":113129239,"u":113129242,"b":[["296.66000000","0.00000000"]],"a":[["297.20000000","1.40000000"],["297.21000000","1.50000000"]]}}
1633998280.222896: {"stream":"omgbusd@depth@100ms","data":{"e":"depthUpdate","E":1633998280297,"s":"OMGBUSD","U":77819484,"u":77819484,"b":[],"a":[["13.80320000","109.46000000"]]}}
1633998280.224405: {"stream":"compusdt@depth@100ms","data":{"e":"depthUpdate","E":1633998280297,"s":"COMPUSDT","U":113129243,"u":113129244,"b":[],"a":[["297.22000000","1.50000000"],["297.27000000","0.00000000"]]}}
1633998280.5716228: {"stream":"compusdt@bookTicker","data":{"u":113129245,"s":"COMPUSDT","b":"296.63000000","B":"18.23021000","a":"297.20000000","A":"1.40000000"}}
1633998280.5717041: {"stream":"omgbusd@depth@100ms","data":{"e":"depthUpdate","E":1633998280597,"s":"OMGBUSD","U":77819485,"u":77819487,"b":[],"a":[["13.79520000","0.00000000"],["13.80320000","0.00000000"],["14.52240000","518.22000000"]]}}
1633998280.5718: {"stream":"compusdt@depth@100ms","data":{"e":"depthUpdate","E":1633998280597,"s":"COMPUSDT","U":113129245,"u":113129245,"b":[["296.63000000","18.23021000"]],"a":[]}}
1633998280.622528: {"stream":"omgbusd@depth@100ms","data":{"e":"depthUpdate","E":1633998280697,"s":"OMGBUSD","U":77819488,"u":77819489,"b":[],"a":[["13.81140000","0.00000000"],["13.82250000","72.35000000"]]}}
1633998280.6237261: {"stream":"compusdt@depth@100ms","data":{"e":"depthUpdate","E":1633998280697,"s":"COMPUSDT","U":113129246,"u":113129246,"b":[],"a":[["297.38000000","28.12647000"]]}}
1633998280.722978: {"stream":"omgbusd@depth@100ms","data":{"e":"depthUpdate","E":1633998280797,"s":"OMGBUSD","U":77819490,"u":77819490,"b":[["13.76480000","108.79000000"]],"a":[]}}
1633998280.823584: {"stream":"omgbusd@depth@100ms","data":{"e":"depthUpdate","E":1633998280898,"s":"OMGBUSD","U":77819491,"u":77819491,"b":[],"a":[["13.82250000","0.00000000"]]}}
1633998280.829238: {"stream":"compusdt@bookTicker","data":{"u":113129247,"s":"COMPUSDT","b":"296.63000000","B":"16.83021000","a":"297.20000000","A":"1.40000000"}}
1633998280.8424351: {"stream":"compusdt@bookTicker","data":{"u":113129248,"s":"COMPUSDT","b":"296.63000000","B":"16.83021000","a":"297.21000000","A":"1.50000000"}}
1633998280.924317: {"stream":"compusdt@depth@100ms","data":{"e":"depthUpdate","E":1633998280998,"s":"COMPUSDT","U":113129247,"u":113129248,"b":[["296.63000000","16.83021000"]],"a":[["297.20000000","0.00000000"]]}}
1633998280.933713: {"stream":"compusdt@bookTicker","data":{"u":113129250,"s":"COMPUSDT","b":"296.69000000","B":"1.40000000","a":"297.21000000","A":"1.50000000"}}
1633998281.023555: {"stream":"compusdt@depth@100ms","data":{"e":"depthUpdate","E":1633998281098,"s":"COMPUSDT","U":113129249,"u":113129250,"b":[["296.69000000","1.40000000"]],"a":[["297.32000000","1.40000000"]]}}
1633998281.1240342: {"stream":"compusdt@depth@100ms","data":{"e":"depthUpdate","E":1633998281198,"s":"COMPUSDT","U":113129251,"u":113129253,"b":[],"a":[["297.38000000","0.00000000"],["297.42000000","0.00000000"],["297.69000000","5.07363000"]]}}
1633998281.227211: {"stream":"compusdt@depth@100ms","data":{"e":"depthUpdate","E":1633998281298,"s":"COMPUSDT","U":113129254,"u":113129255,"b":[],"a":[["297.40000000","5.04471000"],["297.42000000","4.98587000"]]}}
1633998281.325621: {"stream":"compusdt@depth@100ms","data":{"e":"depthUpdate","E":1633998281398,"s":"COMPUSDT","U":113129256,"u":113129256,"b":[],"a":[["312.29000000","8.59099000"]]}}
1633998281.3970492: {"stream":"zrxusdt@bookTicker","data":{"u":96974986,"s":"ZRXUSDT","b":"0.99390000","B":"5023.17000000","a":"0.99550000","A":"2100.00000000"}}
1633998281.423239: {"stream":"zrxusdt@depth@100ms","data":{"e":"depthUpdate","E":1633998281498,"s":"ZRXUSDT","U":96974986,"u":96974986,"b":[],"a":[["0.99540000","0.00000000"]]}}
1633998281.505496: {"stream":"compusdt@depth@100ms","data":{"e":"depthUpdate","E":1633998281498,"s":"COMPUSDT","U":113129257,"u":113129259,"b":[],"a":[["297.33000000","0.00000000"],["297.43000000","0.77317000"],["312.31000000","0.00000000"]]}}
1633998281.904011: {"stream":"omgbusd@bookTicker","data":{"u":77819492,"s":"OMGBUSD","b":"13.76640000","B":"30.28000000","a":"13.80480000","A":"2.10000000"}}
1633998281.9041018: {"stream":"compusdt@depth@100ms","data":{"e":"depthUpdate","E":1633998281898,"s":"COMPUSDT","U":113129260,"u":113129261,"b":[],"a":[["297.37000000","0.00000000"],["297.52000000","16.82660000"]]}}
1633998281.904188: {"stream":"omgbusd@depth@100ms","data":{"e":"depthUpdate","E":1633998281898,"s":"OMGBUSD","U":77819492,"u":77819492,"b":[],"a":[["13.79500000","0.00000000"]]}}
1633998282.058141: {"stream":"omgbusd@bookTicker","data":{"u":77819493,"s":"OMGBUSD","b":"13.76640000","B":"30.28000000","a":"13.80460000","A":"2.21000000"}}
1633998282.124852: {"stream":"omgbusd@depth@100ms","data":{"e":"depthUpdate","E":1633998282198,"s":"OMGBUSD","U":77819493,"u":77819494,"b":[["13.75140000","0.00000000"]],"a":[["13.80460000","2.21000000"]]}}
1633998282.125646: {"stream":"compusdt@depth@100ms","data":{"e":"depthUpdate","E":1633998282198,"s":"COMPUSDT","U":113129262,"u":113129262,"b":[],"a":[["297.60000000","4.99495000"]]}}
1633998282.1668491: {"stream":"omgbusd@bookTicker","data":{"u":77819498,"s":"OMGBUSD","b":"13.76660000","B":"362.59000000","a":"13.80460000","A":"2.21000000"}}
1633998282.225264: {"stream":"omgbusd@depth@100ms","data":{"e":"depthUpdate","E":1633998282298,"s":"OMGBUSD","U":77819495,"u":77819498,"b":[["13.76660000","362.59000000"],["13.75300000","725.18000000"],["13.73260000","0.00000000"]],"a":[["13.84490000","725.81000000"]]}}
1633998282.3256068: {"stream":"omgbusd@depth@100ms","data":{"e":"depthUpdate","E":1633998282399,"s":"OMGBUSD","U":77819499,"u":77819500,"b":[["13.63860000","2.11000000"]],"a":[["13.84490000","0.00000000"]]}}
1633998282.525685: {"stream":"omgbusd@depth@100ms","data":{"e":"depthUpdate","E":1633998282599,"s":"OMGBUSD","U":77819501,"u":77819501,"b":[["13.56430000","6462.37000000"]],"a":[]}}
1633998282.623829: {"stream":"crvusdt@depth@100ms","data":{"e":"depthUpdate","E":1633998282699,"s":"CRVUSDT","U":1938835,"u":1938836,"b":[["2.63700000","91.00000000"],["2.63400000","0.00000000"]],"a":[]}}
1633998282.6253388: {"stream":"omgbusd@depth@100ms","data":{"e":"depthUpdate","E":1633998282699,"s":"OMGBUSD","U":77819502,"u":77819506,"b":[["13.76320000","725.24000000"],["13.75300000","0.00000000"]],"a":[["13.80800000","362.62000000"],["13.81830000","725.24000000"],["13.82260000","0.00000000"]]}}
1633998283.126166: {"stream":"omgbusd@depth@100ms","data":{"e":"depthUpdate","E":1633998283199,"s":"OMGBUSD","U":77819507,"u":77819507,"b":[],"a":[["13.81140000","72.40000000"]]}}
1633998283.2258718: {"stream":"omgbusd@depth@100ms","data":{"e":"depthUpdate","E":1633998283299,"s":"OMGBUSD","U":77819508,"u":77819508,"b":[],"a":[["13.81140000","0.00000000"]]}}
1633998283.324111: {"stream":"crvusdt@depth@100ms","data":{"e":"depthUpdate","E":1633998283399,"s":"CRVUSDT","U":1938837,"u":1938838,"b":[["2.63700000","0.00000000"],["2.63400000","91.00000000"]],"a":[]}}
1633998283.360534: {"stream":"omgbusd@bookTicker","data":{"u":77819510,"s":"OMGBUSD","b":"13.78140000","B":"26.21000000","a":"13.80460000","A":"2.21000000"}}
1633998283.424903: {"stream":"omgbusd@depth@100ms","data":{"e":"depthUpdate","E":1633998283499,"s":"OMGBUSD","U":77819509,"u":77819512,"b":[["13.78140000","26.21000000"],["13.77640000","362.54000000"],["13.76660000","0.00000000"],["13.36370000","0.00000000"]],"a":[]}}
1633998283.725339: {"stream":"compusdt@depth@100ms","data":{"e":"depthUpdate","E":1633998283799,"s":"COMPUSDT","U":113129263,"u":113129264,"b":[["296.35000000","0.00000000"],["295.74000000","0.00000000"]],"a":[]}}
1633998283.825842: {"stream":"compusdt@depth@100ms","data":{"e":"depthUpdate","E":1633998283900,"s":"COMPUSDT","U":113129265,"u":113129265,"b":[["296.07000000","6.34168000"]],"a":[]}}
1633998283.925972: {"stream":"compusdt@depth@100ms","data":{"e":"depthUpdate","E":1633998284000,"s":"COMPUSDT","U":113129266,"u":113129267,"b":[],"a":[["297.40000000","0.00000000"],["297.42000000","0.00000000"]]}}
1633998283.9261062: {"stream":"zrxusdt@depth@100ms","data":{"e":"depthUpdate","E":1633998284000,"s":"ZRXUSDT","U":96974987,"u":96974988,"b":[],"a":[["0.99670000","0.00000000"],["0.99720000","0.00000000"]]}}
1633998284.081755: {"stream":"compusdt@bookTicker","data":{"u":113129268,"s":"COMPUSDT","b":"296.69000000","B":"2.90000000","a":"297.21000000","A":"1.50000000"}}
1633998284.126087: {"stream":"compusdt@depth@100ms","data":{"e":"depthUpdate","E":1633998284200,"s":"COMPUSDT","U":113129268,"u":113129268,"b":[["296.69000000","2.90000000"]],"a":[]}}
1633998284.227526: {"stream":"omgbusd@depth@100ms","data":{"e":"depthUpdate","E":1633998284300,"s":"OMGBUSD","U":77819513,"u":77819514,"b":[["13.54220000","25.27000000"],["13.51530000","0.00000000"]],"a":[]}}
1633998284.230752: {"stream":"zrxusdt@bookTicker","data":{"u":96974989,"s":"ZRXUSDT","b":"0.99390000","B":"5023.17000000","a":"0.99680000","A":"5115.10000000"}}
1633998284.3261702: {"stream":"zrxusdt@depth@100ms","data":{"e":"depthUpdate","E":1633998284400,"s":"ZRXUSDT","U":96974989,"u":96974989,"b":[],"a":[["0.99550000","0.00000000"]]}}
1633998284.3272488: {"stream":"compusdt@depth@100ms","data":{"e":"depthUpdate","E":1633998284400,"s":"COMPUSDT","U":113129269,"u":113129269,"b":[],"a":[["297.32000000","0.00000000"]]}}
1633998284.3273149: {"stream":"crvusdt@depth@100ms","data":{"e":"depthUpdate","E":1633998284400,"s":"CRVUSDT","U":1938839,"u":1938839,"b":[["2.63400000","0.00000000"]],"a":[]}}
1633998284.426938: {"stream":"zrxusdt@depth@100ms","data":{"e":"depthUpdate","E":1633998284500,"s":"ZRXUSDT","U":96974990,"u":96974990,"b":[],"a":[["0.99730000","5902.01000000"]]}}
1633998284.427056: {"stream":"crvusdt@depth@100ms","data":{"e":"depthUpdate","E":1633998284500,"s":"CRVUSDT","U":1938840,"u":1938840,"b":[["2.63700000","91.00000000"]],"a":[]}}
1633998284.4271119: {"stream":"compusdt@depth@100ms","data":{"e":"depthUpdate","E":1633998284500,"s":"COMPUSDT","U":113129270,"u":113129270,"b":[],"a":[["297.36000000","0.00000000"]]}}
1633998284.5261161: {"stream":"compusdt@depth@100ms","data":{"e":"depthUpdate","E":1633998284600,"s":"COMPUSDT","U":113129271,"u":113129271,"b":[],"a":[["297.43000000","2.17317000"]]}}
1633998284.528364: {"stream":"omgbusd@depth@100ms","data":{"e":"depthUpdate","E":1633998284600,"s":"OMGBUSD","U":77819515,"u":77819518,"b":[["13.65250000","0.00000000"],["13.36470000","324.64000000"]],"a":[["13.81150000","0.00000000"],["13.82760000","109.78000000"]]}}
1633998284.528502: {"stream":"zrxusdt@depth@100ms","data":{"e":"depthUpdate","E":1633998284600,"s":"ZRXUSDT","U":96974991,"u":96974991,"b":[["0.98910000","0.00000000"]],"a":[]}}
1633998284.556581: {"stream":"zrxusdt@bookTicker","data":{"u":96974992,"s":"ZRXUSDT","b":"0.99390000","B":"5023.17000000","a":"0.99710000","A":"283.11000000"}}
1633998284.625351: {"stream":"omgbusd@depth@100ms","data":{"e":"depthUpdate","E":1633998284700,"s":"OMGBUSD","U":77819519,"u":77819519,"b":[],"a":[["13.82760000","0.00000000"]]}}
1633998284.626163: {"stream":"zrxusdt@depth@100ms","data":{"e":"depthUpdate","E":1633998284700,"s":"ZRXUSDT","U":96974992,"u":96974992,"b":[],"a":[["0.99680000","0.00000000"]]}}
1633998284.683328: {"stream":"compusdt@bookTicker","data":{"u":113129274,"s":"COMPUSDT","b":"296.70000000","B":"5.10313000","a":"297.21000000","A":"1.50000000"}}
1633998284.690776: {"stream":"compusdt@bookTicker","data":{"u":113129276,"s":"COMPUSDT","b":"296.78000000","B":"1.40000000","a":"297.21000000","A":"1.50000000"}}
1633998284.7258189: {"stream":"compusdt@depth@100ms","data":{"e":"depthUpdate","E":1633998284800,"s":"COMPUSDT","U":113129272,"u":113129276,"b":[["296.78000000","1.40000000"],["296.70000000","5.10313000"],["296.69000000","1.50000000"]],"a":[["297.42000000","1.40000000"],["297.43000000","0.77317000"]]}}
1633998284.8263848: {"stream":"zrxusdt@depth@100ms","data":{"e":"depthUpdate","E":1633998284900,"s":"ZRXUSDT","U":96974993,"u":96974993,"b":[["0.99000000","6401.76000000"]],"a":[]}}
1633998284.927092: {"stream":"zrxusdt@depth@100ms","data":{"e":"depthUpdate","E":1633998285000,"s":"ZRXUSDT","U":96974994,"u":96974995,"b":[["0.98140000","0.00000000"]],"a":[["1.00770000","0.00000000"]]}}
1633998285.025394: {"stream":"compusdt@depth@100ms","data":{"e":"depthUpdate","E":1633998285100,"s":"COMPUSDT","U":113129277,"u":113129278,"b":[],"a":[["297.40000000","5.04824000"],["297.44000000","5.06370000"]]}}
1633998285.1258602: {"stream":"crvusdt@depth@100ms","data":{"e":"depthUpdate","E":1633998285200,"s":"CRVUSDT","U":1938841,"u":1938841,"b":[["2.63700000","0.00000000"]],"a":[]}}
1633998285.125983: {"stream":"zrxusdt@depth@100ms","data":{"e":"depthUpdate","E":1633998285200,"s":"ZRXUSDT","U":96974996,"u":96974996,"b":[],"a":[["1.00730000","0.00000000"]]}}
1633998285.128448: {"stream":"compusdt@depth@100ms","data":{"e":"depthUpdate","E":1633998285200,"s":"COMPUSDT","U":113129279,"u":113129279,"b":[],"a":[["297.42000000","0.00000000"]]}}
1633998285.226975: {"stream":"crvusdt@depth@100ms","data":{"e":"depthUpdate","E":1633998285300,"s":"CRVUSDT","U":1938842,"u":1938842,"b":[["2.63400000","91.00000000"]],"a":[]}}
1633998285.22709: {"stream":"zrxusdt@depth@100ms","data":{"e":"depthUpdate","E":1633998285300,"s":"ZRXUSDT","U":96974997,"u":96974997,"b":[],"a":[["1.01790000","2804.08000000"]]}}
1633998285.332959: {"stream":"omgbusd@depth@100ms","data":{"e":"depthUpdate","E":1633998285401,"s":"OMGBUSD","U":77819520,"u":77819520,"b":[],"a":[["13.81640000","72.38000000"]]}}
1633998285.526752: {"stream":"omgbusd@depth@100ms","data":{"e":"depthUpdate","E":1633998285601,"s":"OMGBUSD","U":77819521,"u":77819521,"b":[],"a":[["13.81230000","109.59000000"]]}}
1633998285.627381: {"stream":"omgbusd@depth@100ms","data":{"e":"depthUpdate","E":1633998285701,"s":"OMGBUSD","U":77819522,"u":77819522,"b":[],"a":[["13.81120000","109.14000000"]]}}
1633998285.7253911: {"stream":"compusdt@depth@100ms","data":{"e":"depthUpdate","E":1633998285801,"s":"COMPUSDT","U":113129280,"u":113129280,"b":[],"a":[["297.69000000","0.00000000"]]}}
1633998285.72662: {"stream":"omgbusd@depth@100ms","data":{"e":"depthUpdate","E":1633998285801,"s":"OMGBUSD","U":77819523,"u":77819523,"b":[],"a":[["13.81120000","0.00000000"]]}}
1633998285.926408: {"stream":"zrxusdt@depth@100ms","data":{"e":"depthUpdate","E":1633998286001,"s":"ZRXUSDT","U":96974998,"u":96974998,"b":[],"a":[["1.00850000","23.83000000"]]}}
1633998286.025384: {"stream":"compusdt@depth@100ms","data":{"e":"depthUpdate","E":1633998286101,"s":"COMPUSDT","U":113129281,"u":113129283,"b":[],"a":[["297.39000000","1.40000000"],["297.40000000","0.00000000"],["297.44000000","0.00000000"]]}}
1633998286.026609: {"stream":"omgbusd@depth@100ms","data":{"e":"depthUpdate","E":1633998286101,"s":"OMGBUSD","U":77819524,"u":77819524,"b":[["13.75610000","0.00000000"]],"a":[]}}
1633998286.3721652: {"stream":"omgbusd@bookTicker","data":{"u":77819525,"s":"OMGBUSD","b":"13.77640000","B":"362.54000000","a":"13.80460000","A":"2.21000000"}}
1633998286.4256058: {"stream":"omgbusd@depth@100ms","data":{"e":"depthUpdate","E":1633998286501,"s":"OMGBUSD","U":77819525,"u":77819526,"b":[["13.78140000","0.00000000"],["13.34140000","305.60000000"]],"a":[]}}
1633998286.699599: {"stream":"omgbusd@bookTicker","data":{"u":77819529,"s":"OMGBUSD","b":"13.77640000","B":"362.54000000","a":"13.80250000","A":"362.69000000"}}
1633998286.7270951: {"stream":"omgbusd@depth@100ms","data":{"e":"depthUpdate","E":1633998286801,"s":"OMGBUSD","U":77819527,"u":77819529,"b":[],"a":[["13.80250000","362.69000000"],["13.80800000","0.00000000"],["13.81140000","108.30000000"]]}}
1633998286.926808: {"stream":"zrxusdt@depth@100ms","data":{"e":"depthUpdate","E":1633998287002,"s":"ZRXUSDT","U":96974999,"u":96974999,"b":[["0.98220000","23.83000000"]],"a":[]}}
1633998286.928416: {"stream":"omgbusd@depth@100ms","data":{"e":"depthUpdate","E":1633998287002,"s":"OMGBUSD","U":77819530,"u":77819530,"b":[],"a":[["13.80460000","0.00000000"]]}}
1633998286.928532: {"stream":"omgbusd@bookTicker","data":{"u":77819531,"s":"OMGBUSD","b":"13.77640000","B":"362.54000000","a":"13.80240000","A":"2.42000000"}}
1633998287.026602: {"stream":"omgbusd@depth@100ms","data":{"e":"depthUpdate","E":1633998287102,"s":"OMGBUSD","U":77819531,"u":77819531,"b":[],"a":[["13.80240000","2.42000000"]]}}
1633998287.0276108: {"stream":"compusdt@depth@100ms","data":{"e":"depthUpdate","E":1633998287102,"s":"COMPUSDT","U":113129284,"u":113129286,"b":[],"a":[["297.39000000","1.40000000"],["297.46000000","5.10168000"]]}}
1633998287.128588: {"stream":"compusdt@depth@100ms","data":{"e":"depthUpdate","E":1633998287202,"s":"COMPUSDT","U":113129287,"u":113129287,"b":[["296.68000000","0.65600000"]],"a":[]}}
1633998287.328303: {"stream":"compusdt@depth@100ms","data":{"e":"depthUpdate","E":1633998287402,"s":"COMPUSDT","U":113129288,"u":113129288,"b":[["296.49000000","0.00000000"]],"a":[]}}
1633998287.468183: {"stream":"zrxusdt@bookTicker","data":{"u":96975001,"s":"ZRXUSDT","b":"0.99470000","B":"307.93000000","a":"0.99710000","A":"283.11000000"}}
1633998287.528625: {"stream":"omgbusd@depth@100ms","data":{"e":"depthUpdate","E":1633998287602,"s":"OMGBUSD","U":77819532,"u":77819534,"b":[["13.34140000","0.00000000"]],"a":[["13.80250000","0.00000000"],["13.80850000","362.57000000"]]}}
1633998287.528759: {"stream":"zrxusdt@depth@100ms","data":{"e":"depthUpdate","E":1633998287602,"s":"ZRXUSDT","U":96975000,"u":96975001,"b":[["0.99470000","307.93000000"],["0.93620000","0.00000000"]],"a":[]}}
1633998287.528848: {"stream":"omgbusd@bookTicker","data":{"u":77819535,"s":"OMGBUSD","b":"13.78140000","B":"23.31000000","a":"13.80240000","A":"2.42000000"}}
1633998287.626679: {"stream":"omgbusd@depth@100ms","data":{"e":"depthUpdate","E":1633998287702,"s":"OMGBUSD","U":77819535,"u":77819542,"b":[["13.78140000","23.31000000"],["13.77200000","109.29000000"],["13.76330000","72.66000000"],["13.75150000","0.00000000"]],"a":[["13.81140000","0.00000000"],["13.81230000","0.00000000"],["13.81640000","0.00000000"],["13.84960000","72.20000000"]]}}
1633998287.7286131: {"stream":"omgbusd@depth@100ms","data":{"e":"depthUpdate","E":1633998287802,"s":"OMGBUSD","U":77819543,"u":77819543,"b":[],"a":[["13.81830000","0.00000000"]]}}
1633998287.8299131: {"stream":"zrxusdt@depth@100ms","data":{"e":"depthUpdate","E":1633998287902,"s":"ZRXUSDT","U":96975002,"u":96975002,"b":[],"a":[["0.99730000","0.00000000"]]}}
1633998287.8300312: {"stream":"omgbusd@depth@100ms","data":{"e":"depthUpdate","E":1633998287902,"s":"OMGBUSD","U":77819544,"u":77819544,"b":[],"a":[["13.80850000","0.00000000"]]}}
1633998287.864218: {"stream":"omgbusd@bookTicker","data":{"u":77819545,"s":"OMGBUSD","b":"13.78140000","B":"23.31000000","a":"13.80480000","A":"2.10000000"}}
1633998287.9279969: {"stream":"omgbusd@depth@100ms","data":{"e":"depthUpdate","E":1633998288002,"s":"OMGBUSD","U":77819545,"u":77819545,"b":[],"a":[["13.80240000","0.00000000"]]}}
1633998287.996338: {"stream":"omgbusd@bookTicker","data":{"u":77819547,"s":"OMGBUSD","b":"13.78440000","B":"362.25000000","a":"13.80480000","A":"2.10000000"}}
1633998288.029136: {"stream":"omgbusd@depth@100ms","data":{"e":"depthUpdate","E":1633998288102,"s":"OMGBUSD","U":77819546,"u":77819549,"b":[["13.78440000","362.25000000"],["13.77640000","0.00000000"]],"a":[["13.82290000","362.31000000"],["13.83320000","724.69000000"]]}}
1633998288.128533: {"stream":"omgbusd@depth@100ms","data":{"e":"depthUpdate","E":1633998288202,"s":"OMGBUSD","U":77819550,"u":77819551,"b":[["13.76480000","0.00000000"]],"a":[["13.84960000","0.00000000"]]}}
1633998288.228009: {"stream":"compusdt@depth@100ms","data":{"e":"depthUpdate","E":1633998288302,"s":"COMPUSDT","U":113129289,"u":113129289,"b":[["296.45000000","33.67146000"]],"a":[]}}
1633998288.229093: {"stream":"zrxusdt@depth@100ms","data":{"e":"depthUpdate","E":1633998288302,"s":"ZRXUSDT","U":96975003,"u":96975005,"b":[],"a":[["0.99820000","0.00000000"],["0.99950000","275.00000000"],["1.01790000","2236.08000000"]]}}
1633998288.229132: {"stream":"omgbusd@depth@100ms","data":{"e":"depthUpdate","E":1633998288302,"s":"OMGBUSD","U":77819552,"u":77819552,"b":[["13.76320000","0.00000000"]],"a":[]}}
1633998288.328955: {"stream":"omgbusd@depth@100ms","data":{"e":"depthUpdate","E":1633998288402,"s":"OMGBUSD","U":77819553,"u":77819553,"b":[],"a":[["13.82290000","0.00000000"]]}}
1633998288.329078: {"stream":"zrxusdt@depth@100ms","data":{"e":"depthUpdate","E":1633998288402,"s":"ZRXUSDT","U":96975006,"u":96975006,"b":[],"a":[["1.01230000","568.00000000"]]}}
1633998288.331831: {"stream":"zrxusdt@bookTicker","data":{"u":96975007,"s":"ZRXUSDT","b":"0.99470000","B":"307.93000000","a":"0.99860000","A":"336.27000000"}}
1633998288.39296: {"stream":"omgbusd@aggTrade","data":{"e":"aggTrade","E":1633998288468,"s":"OMGBUSD","a":425085,"p":"13.80480000","q":"2.10000000","f":439577,"l":439577,"T":1633998288467,"m":false,"M":true}}
1633998288.39463: {"stream":"omgbusd@aggTrade","data":{"e":"aggTrade","E":1633998288468,"s":"OMGBUSD","a":425086,"p":"13.80760000","q":"105.82000000","f":439578,"l":439578,"T":1633998288467,"m":false,"M":true}}
1633998288.3947232: {"stream":"omgbusd@kline_1m","data":{"e":"kline","E":1633998288469,"s":"OMGBUSD","k":{"t":1633998240000,"T":1633998299999,"s":"OMGBUSD","i":"1m","f":439572,"L":439577,"o":"13.72120000","c":"13.80480000","h":"13.80480000","l":"13.72120000","v":"183.49000000","n":6,"x":false,"q":"2519.85628300","V":"125.78000000","Q":"1726.63719800","B":"0"}}}
1633998288.394818: {"stream":"omgbusd@bookTicker","data":{"u":77819555,"s":"OMGBUSD","b":"13.78440000","B":"362.25000000","a":"13.81650000","A":"91.13000000"}}
1633998288.428824: {"stream":"omgbusd@depth@100ms","data":{"e":"depthUpdate","E":1633998288503,"s":"OMGBUSD","U":77819554,"u":77819557,"b":[["13.36470000","0.00000000"]],"a":[["13.80480000","0.00000000"],["13.80760000","0.00000000"],["13.85770000","0.00000000"],["13.87450000","0.00000000"]]}}
1633998288.4300532: {"stream":"zrxusdt@depth@100ms","data":{"e":"depthUpdate","E":1633998288503,"s":"ZRXUSDT","U":96975007,"u":96975008,"b":[],"a":[["0.99710000","0.00000000"],["1.07940000","5216.03000000"]]}}
1633998288.528895: {"stream":"omgbusd@depth@100ms","data":{"e":"depthUpdate","E":1633998288603,"s":"OMGBUSD","U":77819558,"u":77819560,"b":[],"a":[["13.83320000","0.00000000"],["13.89510000","97.00000000"],["13.91400000","322.00000000"]]}}
1633998288.534763: {"stream":"omgbusd@bookTicker","data":{"u":77819561,"s":"OMGBUSD","b":"13.80040000","B":"30.11000000","a":"13.81650000","A":"91.13000000"}}
1633998288.534842: {"stream":"omgbusd@bookTicker","data":{"u":77819562,"s":"OMGBUSD","b":"13.80040000","B":"30.11000000","a":"13.82540000","A":"156.19000000"}}
1633998288.6265311: {"stream":"omgbusd@bookTicker","data":{"u":77819571,"s":"OMGBUSD","b":"13.80040000","B":"30.11000000","a":"13.82530000","A":"72.69000000"}}
1633998288.628961: {"stream":"omgbusd@depth@100ms","data":{"e":"depthUpdate","E":1633998288703,"s":"OMGBUSD","U":77819561,"u":77819572,"b":[["13.80040000","30.11000000"],["13.78440000","0.00000000"],["13.77580000","724.34000000"]],"a":[["13.81650000","0.00000000"],["13.82530000","72.69000000"],["13.83250000","362.06000000"],["13.84370000","107.01000000"],["13.84560000","724.05000000"],["13.84830000","68.37000000"],["13.84970000","0.00000000"],["13.85980000","111.88000000"],["14.55000000","444.47000000"]]}}
1633998288.717812: {"stream":"zrxusdt@bookTicker","data":{"u":96975009,"s":"ZRXUSDT","b":"0.99470000","B":"307.93000000","a":"0.99840000","A":"379.60000000"}}
1633998288.7283368: {"stream":"compusdt@depth@100ms","data":{"e":"depthUpdate","E":1633998288803,"s":"COMPUSDT","U":113129290,"u":113129291,"b":[],"a":[["297.79000000","0.00000000"],["298.01000000","1.80000000"]]}}
1633998288.729543: {"stream":"omgbusd@depth@100ms","data":{"e":"depthUpdate","E":1633998288803,"s":"OMGBUSD","U":77819573,"u":77819574,"b":[["13.76330000","0.00000000"]],"a":[["13.83110000","107.99000000"]]}}
1633998288.72961: {"stream":"zrxusdt@depth@100ms","data":{"e":"depthUpdate","E":1633998288803,"s":"ZRXUSDT","U":96975009,"u":96975009,"b":[],"a":[["0.99840000","379.60000000"]]}}
1633998288.929089: {"stream":"compusdt@depth@100ms","data":{"e":"depthUpdate","E":1633998289003,"s":"COMPUSDT","U":113129292,"u":113129292,"b":[],"a":[["297.46000000","0.00000000"]]}}
1633998288.9292102: {"stream":"zrxusdt@depth@100ms","data":{"e":"depthUpdate","E":1633998289003,"s":"ZRXUSDT","U":96975010,"u":96975011,"b":[],"a":[["1.00090000","0.00000000"],["1.00420000","8958.00000000"]]}}
1633998288.929297: {"stream":"omgbusd@depth@100ms","data":{"e":"depthUpdate","E":1633998289003,"s":"OMGBUSD","U":77819575,"u":77819575,"b":[],"a":[["13.83110000","0.00000000"]]}}
1633998288.937731: {"stream":"omgbusd@bookTicker","data":{"u":77819576,"s":"OMGBUSD","b":"13.80040000","B":"30.11000000","a":"13.82540000","A":"156.19000000"}}
1633998288.948041: {"stream":"zrxusdt@bookTicker","data":{"u":96975012,"s":"ZRXUSDT","b":"0.99470000","B":"307.93000000","a":"0.99830000","A":"4688.06000000"}}
1633998288.963731: {"stream":"omgbusd@bookTicker","data":{"u":77819577,"s":"OMGBUSD","b":"13.80040000","B":"30.11000000","a":"13.82520000","A":"2.91000000"}}
1633998289.023116: {"stream":"omgbusd@aggTrade","data":{"e":"aggTrade","E":1633998289098,"s":"OMGBUSD","a":425087,"p":"13.80040000","q":"30.11000000","f":439579,"l":439579,"T":1633998289097,"m":true,"M":true}}
1633998289.0235279: {"stream":"omgbusd@bookTicker","data":{"u":77819578,"s":"OMGBUSD","b":"13.78140000","B":"23.31000000","a":"13.82520000","A":"2.91000000"}}
1633998289.0277739: {"stream":"zrxusdt@depth@100ms","data":{"e":"depthUpdate","E":1633998289103,"s":"ZRXUSDT","U":96975012,"u":96975012,"b":[],"a":[["0.99830000","4688.06000000"]]}}
1633998289.029334: {"stream":"omgbusd@depth@100ms","data":{"e":"depthUpdate","E":1633998289103,"s":"OMGBUSD","U":77819576,"u":77819579,"b":[["13.80040000","0.00000000"]],"a":[["13.82520000","2.91000000"],["13.82530000","0.00000000"],["13.84370000","0.00000000"]]}}
1633998289.029479: {"stream":"compusdt@depth@100ms","data":{"e":"depthUpdate","E":1633998289103,"s":"COMPUSDT","U":113129293,"u":113129293,"b":[],"a":[["297.41000000","5.08590000"]]}}
1633998289.128254: {"stream":"compusdt@depth@100ms","data":{"e":"depthUpdate","E":1633998289203,"s":"COMPUSDT","U":113129294,"u":113129294,"b":[],"a":[["297.41000000","0.00000000"]]}}
1633998289.129668: {"stream":"omgbusd@depth@100ms","data":{"e":"depthUpdate","E":1633998289203,"s":"OMGBUSD","U":77819580,"u":77819582,"b":[["13.78020000","107.36000000"],["13.59330000","25.18000000"],["13.54220000","0.00000000"]],"a":[]}}
1633998289.212712: {"stream":"compusdt@bookTicker","data":{"u":113129296,"s":"COMPUSDT","b":"296.79000000","B":"5.07883000","a":"297.21000000","A":"1.50000000"}}
1633998289.221071: {"stream":"compusdt@bookTicker","data":{"u":113129298,"s":"COMPUSDT","b":"296.87000000","B":"1.40000000","a":"297.21000000","A":"1.50000000"}}
1633998289.228409: {"stream":"compusdt@depth@100ms","data":{"e":"depthUpdate","E":1633998289303,"s":"COMPUSDT","U":113129295,"u":113129298,"b":[["296.87000000","1.40000000"],["296.79000000","5.07883000"],["296.78000000","0.00000000"]],"a":[["297.39000000","0.00000000"]]}}
1633998289.22848: {"stream":"crvusdt@depth@100ms","data":{"e":"depthUpdate","E":1633998289303,"s":"CRVUSDT","U":1938843,"u":1938843,"b":[["2.63400000","0.00000000"]],"a":[]}}
1633998289.301614: {"stream":"omgbusd@bookTicker","data":{"u":77819584,"s":"OMGBUSD","b":"13.78150000","B":"42.09000000","a":"13.82520000","A":"2.91000000"}}
1633998289.3284822: {"stream":"crvusdt@depth@100ms","data":{"e":"depthUpdate","E":1633998289403,"s":"CRVUSDT","U":1938844,"u":1938844,"b":[["2.63700000","91.00000000"]],"a":[]}}
1633998289.3293152: {"stream":"omgbusd@depth@100ms","data":{"e":"depthUpdate","E":1633998289403,"s":"OMGBUSD","U":77819583,"u":77819585,"b":[["13.78150000","42.09000000"],["13.74570000","0.00000000"]],"a":[["13.84020000","1200.00000000"]]}}
1633998289.330719: {"stream":"compusdt@depth@100ms","data":{"e":"depthUpdate","E":1633998289403,"s":"COMPUSDT","U":113129299,"u":113129299,"b":[],"a":[["297.43000000","0.00000000"]]}}
1633998289.37801: {"stream":"omgbusd@bookTicker","data":{"u":77819587,"s":"OMGBUSD","b":"13.78140000","B":"23.31000000","a":"13.82520000","A":"2.91000000"}}
1633998289.4292638: {"stream":"omgbusd@depth@100ms","data":{"e":"depthUpdate","E":1633998289503,"s":"OMGBUSD","U":77819586,"u":77819589,"b":[["13.78150000","0.00000000"],["13.35930000","336.98000000"]],"a":[["13.83680000","70.45000000"],["13.87470000","0.00000000"]]}}
1633998289.528388: {"stream":"omgbusd@depth@100ms","data":{"e":"depthUpdate","E":1633998289603,"s":"OMGBUSD","U":77819590,"u":77819590,"b":[],"a":[["13.84020000","0.00000000"]]}}
1633998289.5296829: {"stream":"compusdt@depth@100ms","data":{"e":"depthUpdate","E":1633998289603,"s":"COMPUSDT","U":113129300,"u":113129300,"b":[],"a":[["313.02000000","7.74097000"]]}}
1633998289.629527: {"stream":"omgbusd@depth@100ms","data":{"e":"depthUpdate","E":1633998289703,"s":"OMGBUSD","U":77819591,"u":77819591,"b":[["13.78020000","0.00000000"]],"a":[]}}
1633998289.7293189: {"stream":"omgbusd@depth@100ms","data":{"e":"depthUpdate","E":1633998289803,"s":"OMGBUSD","U":77819592,"u":77819593,"b":[["13.74560000","72.75000000"]],"a":[["13.84550000","72.23000000"]]}}
1633998289.928396: {"stream":"compusdt@depth@100ms","data":{"e":"depthUpdate","E":1633998290004,"s":"COMPUSDT","U":113129301,"u":113129301,"b":[],"a":[["297.50000000","5.11511000"]]}}
1633998289.929724: {"stream":"omgbusd@depth@100ms","data":{"e":"depthUpdate","E":1633998290004,"s":"OMGBUSD","U":77819594,"u":77819594,"b":[],"a":[["13.83150000","109.05000000"]]}}
1633998290.028786: {"stream":"omgbusd@depth@100ms","data":{"e":"depthUpdate","E":1633998290104,"s":"OMGBUSD","U":77819595,"u":77819595,"b":[["13.74560000","0.00000000"]],"a":[]}}
1633998290.1283278: {"stream":"compusdt@depth@100ms","data":{"e":"depthUpdate","E":1633998290204,"s":"COMPUSDT","U":113129302,"u":113129302,"b":[],"a":[["297.50000000","0.00000000"]]}}
1633998290.129378: {"stream":"omgbusd@depth@100ms","data":{"e":"depthUpdate","E":1633998290204,"s":"OMGBUSD","U":77819596,"u":77819597,"b":[],"a":[["13.82580000","108.16000000"],["13.84550000","0.00000000"]]}}
1633998290.205121: {"stream":"compusdt@bookTicker","data":{"u":113129303,"s":"COMPUSDT","b":"296.87000000","B":"1.40000000","a":"297.22000000","A":"1.50000000"}}
1633998290.212152: {"stream":"compusdt@bookTicker","data":{"u":113129304,"s":"COMPUSDT","b":"296.87000000","B":"1.40000000","a":"297.25000000","A":"1.50000000"}}
1633998290.230783: {"stream":"compusdt@depth@100ms","data":{"e":"depthUpdate","E":1633998290304,"s":"COMPUSDT","U":113129303,"u":113129306,"b":[["296.63000000","0.00000000"]],"a":[["297.21000000","0.00000000"],["297.22000000","0.00000000"],["297.54000000","2.39464000"]]}}
1633998290.231352: {"stream":"omgbusd@depth@100ms","data":{"e":"depthUpdate","E":1633998290304,"s":"OMGBUSD","U":77819598,"u":77819599,"b":[["13.62610000","6826.22000000"]],"a":[["13.82580000","0.00000000"]]}}
1633998290.330986: {"stream":"compusdt@depth@100ms","data":{"e":"depthUpdate","E":1633998290404,"s":"COMPUSDT","U":113129307,"u":113129311,"b":[["296.54000000","0.00000000"],["296.45000000","0.00000000"]],"a":[["297.52000000","0.00000000"],["297.56000000","0.00000000"],["297.86000000","33.63895000"]]}}
1633998290.4306061: {"stream":"omgbusd@depth@100ms","data":{"e":"depthUpdate","E":1633998290504,"s":"OMGBUSD","U":77819600,"u":77819601,"b":[],"a":[["13.84020000","1200.00000000"],["14.55000000","0.00000000"]]}}
1633998290.5305972: {"stream":"omgbusd@depth@100ms","data":{"e":"depthUpdate","E":1633998290604,"s":"OMGBUSD","U":77819602,"u":77819602,"b":[],"a":[["13.84020000","0.00000000"]]}}
1633998290.538646: {"stream":"omgbusd@kline_1m","data":{"e":"kline","E":1633998290610,"s":"OMGBUSD","k":{"t":1633998240000,"T":1633998299999,"s":"OMGBUSD","i":"1m","f":439572,"L":439579,"o":"13.72120000","c":"13.80040000","h":"13.80760000","l":"13.72120000","v":"319.42000000","n":8,"x":false,"q":"4396.50655900","V":"231.60000000","Q":"3187.75743000","B":"0"}}}
1633998290.730103: {"stream":"omgbusd@depth@100ms","data":{"e":"depthUpdate","E":1633998290804,"s":"OMGBUSD","U":77819603,"u":77819603,"b":[],"a":[["13.83970000","1200.00000000"]]}}
1633998290.77653: {"stream":"zrxusdt@bookTicker","data":{"u":96975015,"s":"ZRXUSDT","b":"0.99470000","B":"307.93000000","a":"0.99830000","A":"6788.06000000"}}
1633998290.829952: {"stream":"omgbusd@depth@100ms","data":{"e":"depthUpdate","E":1633998290904,"s":"OMGBUSD","U":77819604,"u":77819604,"b":[],"a":[["14.10480000","6503.88000000"]]}}
1633998290.830069: {"stream":"zrxusdt@depth@100ms","data":{"e":"depthUpdate","E":1633998290904,"s":"ZRXUSDT","U":96975013,"u":96975015,"b":[["0.98390000","40.65000000"]],"a":[["0.99830000","6788.06000000"],["0.99840000","0.00000000"]]}}
1633998290.846028: {"stream":"zrxusdt@bookTicker","data":{"u":96975016,"s":"ZRXUSDT","b":"0.99470000","B":"307.93000000","a":"0.99820000","A":"379.60000000"}}
1633998290.90197: {"stream":"omgbusd@bookTicker","data":{"u":77819607,"s":"OMGBUSD","b":"13.78500000","B":"362.22000000","a":"13.82520000","A":"2.91000000"}}
1633998290.9030359: {"stream":"omgbusd@bookTicker","data":{"u":77819608,"s":"OMGBUSD","b":"13.78500000","B":"362.22000000","a":"13.82430000","A":"362.30000000"}}
1633998290.929392: {"stream":"omgbusd@depth@100ms","data":{"e":"depthUpdate","E":1633998291004,"s":"OMGBUSD","U":77819605,"u":77819608,"b":[["13.78500000","362.22000000"]],"a":[["13.82430000","362.30000000"],["13.83250000","0.00000000"],["13.83970000","0.00000000"]]}}
1633998290.930901: {"stream":"zrxusdt@depth@100ms","data":{"e":"depthUpdate","E":1633998291004,"s":"ZRXUSDT","U":96975016,"u":96975016,"b":[],"a":[["0.99820000","379.60000000"]]}}
1633998291.129235: {"stream":"omgbusd@depth@100ms","data":{"e":"depthUpdate","E":1633998291204,"s":"OMGBUSD","U":77819609,"u":77819609,"b":[],"a":[["13.83390000","1200.00000000"]]}}
1633998291.1304479: {"stream":"crvusdt@depth@100ms","data":{"e":"depthUpdate","E":1633998291204,"s":"CRVUSDT","U":1938845,"u":1938846,"b":[["2.63700000","0.00000000"],["2.63400000","91.00000000"]],"a":[]}}
1633998291.328249: {"stream":"compusdt@bookTicker","data":{"u":113129312,"s":"COMPUSDT","b":"296.88000000","B":"4.99039000","a":"297.25000000","A":"1.50000000"}}
1633998291.32906: {"stream":"crvusdt@depth@100ms","data":{"e":"depthUpdate","E":1633998291404,"s":"CRVUSDT","U":1938847,"u":1938847,"b":[["2.54700000","0.00000000"]],"a":[]}}
1633998291.331614: {"stream":"compusdt@depth@100ms","data":{"e":"depthUpdate","E":1633998291404,"s":"COMPUSDT","U":113129312,"u":113129312,"b":[["296.88000000","4.99039000"]],"a":[]}}
1633998291.33174: {"stream":"omgbusd@depth@100ms","data":{"e":"depthUpdate","E":1633998291404,"s":"OMGBUSD","U":77819610,"u":77819610,"b":[],"a":[["13.82730000","109.46000000"]]}}
1633998291.3368251: {"stream":"compusdt@bookTicker","data":{"u":113129314,"s":"COMPUSDT","b":"296.90000000","B":"1.40000000","a":"297.25000000","A":"1.50000000"}}
1633998291.395798: {"stream":"crvusdt@bookTicker","data":{"u":1938848,"s":"CRVUSDT","b":"2.64300000","B":"155.50000000","a":"2.64800000","A":"2029.90000000"}}
1633998291.430996: {"stream":"omgbusd@depth@100ms","data":{"e":"depthUpdate","E":1633998291504,"s":"OMGBUSD","U":77819611,"u":77819612,"b":[],"a":[["13.86880000","622.94000000"],["14.52240000","0.00000000"]]}}
1633998291.432272: {"stream":"compusdt@depth@100ms","data":{"e":"depthUpdate","E":1633998291505,"s":"COMPUSDT","U":113129313,"u":113129314,"b":[["296.90000000","1.40000000"],["296.87000000","0.00000000"]],"a":[]}}
1633998291.432375: {"stream":"crvusdt@depth@100ms","data":{"e":"depthUpdate","E":1633998291505,"s":"CRVUSDT","U":1938848,"u":1938848,"b":[["2.64300000","155.50000000"]],"a":[]}}
1633998291.5472581: {"stream":"omgbusd@bookTicker","data":{"u":77819613,"s":"OMGBUSD","b":"13.78500000","B":"362.22000000","a":"13.80850000","A":"33.50000000"}}
1633998291.629993: {"stream":"omgbusd@depth@100ms","data":{"e":"depthUpdate","E":1633998291705,"s":"OMGBUSD","U":77819613,"u":77819613,"b":[],"a":[["13.80850000","33.50000000"]]}}
1633998291.631356: {"stream":"crvusdt@depth@100ms","data":{"e":"depthUpdate","E":1633998291705,"s":"CRVUSDT","U":1938849,"u":1938850,"b":[["2.64000000","0.00000000"],["2.63900000","160.70000000"]],"a":[]}}
1633998291.645941: {"stream":"omgbusd@bookTicker","data":{"u":77819616,"s":"OMGBUSD","b":"13.78140000","B":"23.31000000","a":"13.80850000","A":"33.50000000"}}
1633998291.730888: {"stream":"omgbusd@depth@100ms","data":{"e":"depthUpdate","E":1633998291805,"s":"OMGBUSD","U":77819614,"u":77819622,"b":[["13.78500000","0.00000000"],["13.77580000","0.00000000"],["13.76650000","0.00000000"]],"a":[["13.82420000","72.34000000"],["13.82430000","0.00000000"],["13.83150000","0.00000000"],["13.83390000","0.00000000"],["13.84560000","0.00000000"]]}}
1633998291.731062: {"stream":"crvusdt@depth@100ms","data":{"e":"depthUpdate","E":1633998291805,"s":"CRVUSDT","U":1938851,"u":1938852,"b":[["2.63700000","91.00000000"],["2.63400000","0.00000000"]],"a":[]}}
1633998291.7396579: {"stream":"omgbusd@aggTrade","data":{"e":"aggTrade","E":1633998291814,"s":"OMGBUSD","a":425088,"p":"13.78140000","q":"23.31000000","f":439580,"l":439580,"T":1633998291814,"m":true,"M":true}}
1633998291.739753: {"stream":"omgbusd@bookTicker","data":{"u":77819623,"s":"OMGBUSD","b":"13.77200000","B":"109.29000000","a":"13.80850000","A":"33.50000000"}}
1633998291.7531068: {"stream":"omgbusd@bookTicker","data":{"u":77819625,"s":"OMGBUSD","b":"13.77690000","B":"362.43000000","a":"13.80850000","A":"33.50000000"}}
1633998291.830467: {"stream":"omgbusd@depth@100ms","data":{"e":"depthUpdate","E":1633998291905,"s":"OMGBUSD","U":77819623,"u":77819629,"b":[["13.78140000","0.00000000"],["13.77690000","362.43000000"],["13.77200000","0.00000000"],["13.75510000","108.91000000"]],"a":[["13.81600000","0.00000000"],["13.82730000","0.00000000"]]}}
1633998291.830622: {"stream":"zrxusdt@depth@100ms","data":{"e":"depthUpdate","E":1633998291905,"s":"ZRXUSDT","U":96975017,"u":96975017,"b":[],"a":[["1.01100000","39.56000000"]]}}
1633998291.831872: {"stream":"omgbusd@aggTrade","data":{"e":"aggTrade","E":1633998291907,"s":"OMGBUSD","a":425089,"p":"13.77690000","q":"13.50000000","f":439581,"l":439581,"T":1633998291906,"m":true,"M":true}}
1633998291.832741: {"stream":"omgbusd@bookTicker","data":{"u":77819630,"s":"OMGBUSD","b":"13.77690000","B":"348.93000000","a":"13.80850000","A":"33.50000000"}}
1633998291.835398: {"stream":"omgbusd@aggTrade","data":{"e":"aggTrade","E":1633998291911,"s":"OMGBUSD","a":425090,"p":"13.77690000","q":"30.00000000","f":439582,"l":439582,"T":1633998291911,"m":true,"M":true}}
1633998291.8354728: {"stream":"omgbusd@bookTicker","data":{"u":77819631,"s":"OMGBUSD","b":"13.77690000","B":"318.93000000","a":"13.80850000","A":"33.50000000"}}
1633998291.8367841: {"stream":"omgbusd@bookTicker","data":{"u":77819632,"s":"OMGBUSD","b":"13.77690000","B":"308.93000000","a":"13.80850000","A":"33.50000000"}}
1633998291.836863: {"stream":"omgbusd@aggTrade","data":{"e":"aggTrade","E":1633998291912,"s":"OMGBUSD","a":425091,"p":"13.77690000","q":"10.00000000","f":439583,"l":439583,"T":1633998291911,"m":true,"M":true}}
1633998291.840214: {"stream":"omgbusd@aggTrade","data":{"e":"aggTrade","E":1633998291915,"s":"OMGBUSD","a":425092,"p":"13.77690000","q":"110.00000000","f":439584,"l":439584,"T":1633998291914,"m":true,"M":true}}
1633998291.8403058: {"stream":"omgbusd@bookTicker","data":{"u":77819633,"s":"OMGBUSD","b":"13.77690000","B":"198.93000000","a":"13.80850000","A":"33.50000000"}}
1633998291.8569322: {"stream":"omgbusd@bookTicker","data":{"u":77819634,"s":"OMGBUSD","b":"13.76640000","B":"30.28000000","a":"13.80850000","A":"33.50000000"}}
1633998291.929852: {"stream":"omgbusd@depth@100ms","data":{"e":"depthUpdate","E":1633998292005,"s":"OMGBUSD","U":77819630,"u":77819635,"b":[["13.77690000","0.00000000"]],"a":[["13.81730000","1200.00000000"]]}}
1633998292.030842: {"stream":"omgbusd@depth@100ms","data":{"e":"depthUpdate","E":1633998292105,"s":"OMGBUSD","U":77819636,"u":77819636,"b":[["13.75510000","0.00000000"]],"a":[]}}
1633998292.066931: {"stream":"omgbusd@aggTrade","data":{"e":"aggTrade","E":1633998292142,"s":"OMGBUSD","a":425093,"p":"13.76640000","q":"30.28000000","f":439585,"l":439585,"T":1633998292142,"m":true,"M":true}}
1633998292.067026: {"stream":"omgbusd@bookTicker","data":{"u":77819638,"s":"OMGBUSD","b":"13.74550000","B":"29.12000000","a":"13.80850000","A":"33.50000000"}}
1633998292.12961: {"stream":"omgbusd@depth@100ms","data":{"e":"depthUpdate","E":1633998292205,"s":"OMGBUSD","U":77819637,"u":77819638,"b":[["13.76640000","0.00000000"]],"a":[["13.81730000","0.00000000"]]}}
1633998292.143508: {"stream":"omgbusd@bookTicker","data":{"u":77819639,"s":"OMGBUSD","b":"13.74570000","B":"37.01000000","a":"13.80850000","A":"33.50000000"}}
1633998292.2305212: {"stream":"omgbusd@depth@100ms","data":{"e":"depthUpdate","E":1633998292305,"s":"OMGBUSD","U":77819639,"u":77819640,"b":[["13.74570000","37.01000000"]],"a":[["13.82410000","1200.00000000"]]}}
1633998292.238603: {"stream":"crvusdt@bookTicker","data":{"u":1938853,"s":"CRVUSDT","b":"2.63900000","B":"160.70000000","a":"2.64800000","A":"2029.90000000"}}
1633998292.3318772: {"stream":"crvusdt@depth@100ms","data":{"e":"depthUpdate","E":1633998292405,"s":"CRVUSDT","U":1938853,"u":1938854,"b":[["2.64300000","0.00000000"],["2.55300000","0.00000000"]],"a":[]}}
1633998292.3890219: {"stream":"omgbusd@bookTicker","data":{"u":77819644,"s":"OMGBUSD","b":"13.74550000","B":"29.12000000","a":"13.80850000","A":"33.50000000"}}
1633998292.391576: {"stream":"crvusdt@bookTicker","data":{"u":1938856,"s":"CRVUSDT","b":"2.64200000","B":"137.60000000","a":"2.64800000","A":"2029.90000000"}}
1633998292.429124: {"stream":"omgbusd@depth@100ms","data":{"e":"depthUpdate","E":1633998292505,"s":"OMGBUSD","U":77819641,"u":77819647,"b":[["13.74570000","0.00000000"],["13.44170000","0.00000000"]],"a":[["13.82410000","0.00000000"],["13.85710000","97.00000000"],["13.87450000","322.00000000"],["13.89510000","0.00000000"],["13.91400000","0.00000000"]]}}
1633998292.43065: {"stream":"crvusdt@depth@100ms","data":{"e":"depthUpdate","E":1633998292505,"s":"CRVUSDT","U":1938855,"u":1938856,"b":[["2.64200000","137.60000000"],["2.55400000","1853.80000000"]],"a":[]}}
1633998292.4493692: {"stream":"omgbusd@bookTicker","data":{"u":77819648,"s":"OMGBUSD","b":"13.74550000","B":"1172.83000000","a":"13.80850000","A":"33.50000000"}}
1633998292.4754748: {"stream":"omgbusd@bookTicker","data":{"u":77819649,"s":"OMGBUSD","b":"13.74550000","B":"29.12000000","a":"13.80850000","A":"33.50000000"}}
1633998292.5155358: {"stream":"omgbusd@bookTicker","data":{"u":77819650,"s":"OMGBUSD","b":"13.74550000","B":"29.12000000","a":"13.80840000","A":"1200.00000000"}}
1633998292.5291898: {"stream":"omgbusd@depth@100ms","data":{"e":"depthUpdate","E":1633998292605,"s":"OMGBUSD","U":77819648,"u":77819650,"b":[["13.74550000","29.12000000"]],"a":[["13.80840000","1200.00000000"]]}}
1633998292.5322099: {"stream":"compusdt@depth@100ms","data":{"e":"depthUpdate","E":1633998292605,"s":"COMPUSDT","U":113129315,"u":113129315,"b":[],"a":[["297.46000000","5.01646000"]]}}
1633998292.555298: {"stream":"omgbusd@bookTicker","data":{"u":77819654,"s":"OMGBUSD","b":"13.74550000","B":"29.12000000","a":"13.78140000","A":"31.61000000"}}
1633998292.630852: {"stream":"compusdt@depth@100ms","data":{"e":"depthUpdate","E":1633998292705,"s":"COMPUSDT","U":113129316,"u":113129316,"b":[],"a":[["297.46000000","0.00000000"]]}}
1633998292.631904: {"stream":"omgbusd@depth@100ms","data":{"e":"depthUpdate","E":1633998292705,"s":"OMGBUSD","U":77819651,"u":77819654,"b":[["13.32850000","265.33000000"],["13.30070000","302.25000000"]],"a":[["13.78140000","31.61000000"],["14.49080000","0.00000000"]]}}
1633998292.7306619: {"stream":"omgbusd@depth@100ms","data":{"e":"depthUpdate","E":1633998292805,"s":"OMGBUSD","U":77819655,"u":77819655,"b":[],"a":[["13.80350000","108.81000000"]]}}
1633998292.829289: {"stream":"omgbusd@depth@100ms","data":{"e":"depthUpdate","E":1633998292905,"s":"OMGBUSD","U":77819656,"u":77819657,"b":[["13.73900000","109.27000000"]],"a":[["13.80840000","0.00000000"]]}}
1633998292.8311439: {"stream":"zrxusdt@depth@100ms","data":{"e":"depthUpdate","E":1633998292905,"s":"ZRXUSDT","U":96975018,"u":96975018,"b":[],"a":[["1.01600000","39.36000000"]]}}
1633998292.931026: {"stream":"omgbusd@depth@100ms","data":{"e":"depthUpdate","E":1633998293006,"s":"OMGBUSD","U":77819658,"u":77819659,"b":[["13.73900000","0.00000000"]],"a":[["13.79260000","109.14000000"]]}}
1633998293.1316469: {"stream":"omgbusd@depth@100ms","data":{"e":"depthUpdate","E":1633998293206,"s":"OMGBUSD","U":77819660,"u":77819661,"b":[["13.72300000","107.59000000"]],"a":[["13.79260000","0.00000000"]]}}
1633998293.33168: {"stream":"omgbusd@depth@100ms","data":{"e":"depthUpdate","E":1633998293406,"s":"OMGBUSD","U":77819662,"u":77819662,"b":[],"a":[["13.82420000","0.00000000"]]}}
1633998293.33701: {"stream":"compusdt@bookTicker","data":{"u":113129317,"s":"COMPUSDT","b":"296.90000000","B":"1.40000000","a":"297.45000000","A":"91.68930000"}}
1633998293.431386: {"stream":"omgbusd@depth@100ms","data":{"e":"depthUpdate","E":1633998293506,"s":"OMGBUSD","U":77819663,"u":77819664,"b":[["13.72300000","0.00000000"],["13.44180000","1.90000000"]],"a":[]}}
1633998293.432867: {"stream":"compusdt@depth@100ms","data":{"e":"depthUpdate","E":1633998293506,"s":"COMPUSDT","U":113129317,"u":113129317,"b":[],"a":[["297.25000000","0.00000000"]]}}
1633998293.4329479: {"stream":"compusdt@bookTicker","data":{"u":113129318,"s":"COMPUSDT","b":"296.90000000","B":"1.40000000","a":"297.54000000","A":"2.39464000"}}
1633998293.531361: {"stream":"compusdt@depth@100ms","data":{"e":"depthUpdate","E":1633998293606,"s":"COMPUSDT","U":113129318,"u":113129321,"b":[],"a":[["297.45000000","0.00000000"],["297.59000000","1.40000000"],["297.60000000","0.00000000"],["297.87000000","4.98286000"]]}}
1633998293.5315: {"stream":"crvusdt@depth@100ms","data":{"e":"depthUpdate","E":1633998293606,"s":"CRVUSDT","U":1938857,"u":1938857,"b":[["2.64100000","3779.20000000"]],"a":[]}}
1633998293.6316469: {"stream":"omgbusd@depth@100ms","data":{"e":"depthUpdate","E":1633998293706,"s":"OMGBUSD","U":77819665,"u":77819665,"b":[],"a":[["13.79500000","89.17000000"]]}}
1633998293.633132: {"stream":"compusdt@depth@100ms","data":{"e":"depthUpdate","E":1633998293706,"s":"COMPUSDT","U":113129322,"u":113129322,"b":[],"a":[["297.61000000","5.07643000"]]}}
1633998293.732036: {"stream":"compusdt@depth@100ms","data":{"e":"depthUpdate","E":1633998293806,"s":"COMPUSDT","U":113129323,"u":113129324,"b":[],"a":[["298.10000000","0.00000000"],["298.62000000","5.90000000"]]}}
1633998293.831574: {"stream":"omgbusd@depth@100ms","data":{"e":"depthUpdate","E":1633998293906,"s":"OMGBUSD","U":77819666,"u":77819667,"b":[["13.71960000","72.89000000"]],"a":[["13.80340000","72.45000000"]]}}
1633998293.853887: {"stream":"compusdt@bookTicker","data":{"u":113129325,"s":"COMPUSDT","b":"296.90000000","B":"1.40000000","a":"297.59000000","A":"1.40000000"}}
1633998293.8635461: {"stream":"compusdt@bookTicker","data":{"u":113129326,"s":"COMPUSDT","b":"296.90000000","B":"1.40000000","a":"297.55000000","A":"4.97612000"}}
1633998293.897707: {"stream":"compusdt@bookTicker","data":{"u":113129327,"s":"COMPUSDT","b":"296.90000000","B":"1.40000000","a":"297.59000000","A":"1.40000000"}}
1633998293.932215: {"stream":"compusdt@depth@100ms","data":{"e":"depthUpdate","E":1633998294006,"s":"COMPUSDT","U":113129325,"u":113129327,"b":[],"a":[["297.54000000","0.00000000"],["297.55000000","0.00000000"]]}}
1633998293.974508: {"stream":"compusdt@bookTicker","data":{"u":113129328,"s":"COMPUSDT","b":"296.90000000","B":"2.90000000","a":"297.59000000","A":"1.40000000"}}
1633998294.009732: {"stream":"compusdt@bookTicker","data":{"u":113129329,"s":"COMPUSDT","b":"296.90000000","B":"2.90000000","a":"297.59000000","A":"2.90000000"}}
1633998294.031447: {"stream":"compusdt@depth@100ms","data":{"e":"depthUpdate","E":1633998294106,"s":"COMPUSDT","U":113129328,"u":113129329,"b":[["296.90000000","2.90000000"]],"a":[["297.59000000","2.90000000"]]}}
1633998294.032656: {"stream":"omgbusd@depth@100ms","data":{"e":"depthUpdate","E":1633998294106,"s":"OMGBUSD","U":77819668,"u":77819668,"b":[["13.73720000","110.13000000"]],"a":[]}}
1633998294.1318479: {"stream":"omgbusd@depth@100ms","data":{"e":"depthUpdate","E":1633998294206,"s":"OMGBUSD","U":77819669,"u":77819669,"b":[["13.71960000","0.00000000"]],"a":[]}}
1633998294.1319308: {"stream":"compusdt@depth@100ms","data":{"e":"depthUpdate","E":1633998294206,"s":"COMPUSDT","U":113129330,"u":113129331,"b":[["296.53000000","0.00000000"]],"a":[["297.64000000","30.93194000"]]}}
1633998294.332574: {"stream":"omgbusd@depth@100ms","data":{"e":"depthUpdate","E":1633998294406,"s":"OMGBUSD","U":77819670,"u":77819670,"b":[],"a":[["13.86880000","0.00000000"]]}}
1633998294.4326222: {"stream":"omgbusd@depth@100ms","data":{"e":"depthUpdate","E":1633998294507,"s":"OMGBUSD","U":77819671,"u":77819671,"b":[["13.73970000","109.92000000"]],"a":[]}}
1633998294.5325692: {"stream":"compusdt@depth@100ms","data":{"e":"depthUpdate","E":1633998294607,"s":"COMPUSDT","U":113129332,"u":113129332,"b":[],"a":[["297.78000000","5.08165000"]]}}
1633998294.554448: {"stream":"omgbusd@kline_1m","data":{"e":"kline","E":1633998294628,"s":"OMGBUSD","k":{"t":1633998240000,"T":1633998299999,"s":"OMGBUSD","i":"1m","f":439572,"L":439585,"o":"13.72120000","c":"13.76640000","h":"13.80760000","l":"13.72120000","v":"536.51000000","n":14,"x":false,"q":"7387.12073500","V":"231.60000000","Q":"3187.75743000","B":"0"}}}
1633998294.5581: {"stream":"omgbusd@bookTicker","data":{"u":77819674,"s":"OMGBUSD","b":"13.74550000","B":"29.12000000","a":"13.79500000","A":"89.17000000"}}
1633998294.562291: {"stream":"omgbusd@bookTicker","data":{"u":77819675,"s":"OMGBUSD","b":"13.76240000","B":"22.29000000","a":"13.79500000","A":"89.17000000"}}
1633998294.632201: {"stream":"compusdt@depth@100ms","data":{"e":"depthUpdate","E":1633998294707,"s":"COMPUSDT","U":113129333,"u":113129333,"b":[],"a":[["297.64000000","0.00000000"]]}}
1633998294.632271: {"stream":"omgbusd@depth@100ms","data":{"e":"depthUpdate","E":1633998294707,"s":"OMGBUSD","U":77819672,"u":77819676,"b":[["13.76240000","22.29000000"],["13.30070000","0.00000000"]],"a":[["13.78140000","0.00000000"],["14.45840000","382.57000000"],["14.46680000","0.00000000"]]}}
1633998294.732938: {"stream":"omgbusd@depth@100ms","data":{"e":"depthUpdate","E":1633998294807,"s":"OMGBUSD","U":77819677,"u":77819677,"b":[],"a":[["13.82520000","0.00000000"]]}}
1633998294.733531: {"stream":"omgbusd@bookTicker","data":{"u":77819679,"s":"OMGBUSD","b":"13.76240000","B":"22.29000000","a":"13.79480000","A":"92.00000000"}}
1633998294.831947: {"stream":"omgbusd@depth@100ms","data":{"e":"depthUpdate","E":1633998294907,"s":"OMGBUSD","U":77819678,"u":77819679,"b":[],"a":[["13.79480000","92.00000000"],["13.80980000","1200.00000000"]]}}
1633998294.92174: {"stream":"compusdt@bookTicker","data":{"u":113129334,"s":"COMPUSDT","b":"296.90000000","B":"2.90000000","a":"297.58000000","A":"4.96908000"}}
1633998294.933132: {"stream":"compusdt@depth@100ms","data":{"e":"depthUpdate","E":1633998295007,"s":"COMPUSDT","U":113129334,"u":113129334,"b":[],"a":[["297.58000000","4.96908000"]]}}
1633998294.934262: {"stream":"omgbusd@depth@100ms","data":{"e":"depthUpdate","E":1633998295007,"s":"OMGBUSD","U":77819680,"u":77819680,"b":[],"a":[["13.80980000","0.00000000"]]}}
1633998294.9376519: {"stream":"compusdt@bookTicker","data":{"u":113129335,"s":"COMPUSDT","b":"296.90000000","B":"2.90000000","a":"297.59000000","A":"2.90000000"}}
1633998295.0330648: {"stream":"compusdt@depth@100ms","data":{"e":"depthUpdate","E":1633998295107,"s":"COMPUSDT","U":113129335,"u":113129336,"b":[],"a":[["297.58000000","0.00000000"],["297.61000000","0.00000000"]]}}
1633998295.132851: {"stream":"omgbusd@depth@100ms","data":{"e":"depthUpdate","E":1633998295207,"s":"OMGBUSD","U":77819681,"u":77819681,"b":[["13.73720000","0.00000000"]],"a":[]}}
1633998295.242861: {"stream":"omgbusd@bookTicker","data":{"u":77819682,"s":"OMGBUSD","b":"13.76240000","B":"22.29000000","a":"13.79500000","A":"89.17000000"}}
1633998295.333521: {"stream":"omgbusd@depth@100ms","data":{"e":"depthUpdate","E":1633998295407,"s":"OMGBUSD","U":77819682,"u":77819683,"b":[],"a":[["13.79480000","0.00000000"],["13.80340000","0.00000000"]]}}
1633998295.532641: {"stream":"zrxusdt@depth@100ms","data":{"e":"depthUpdate","E":1633998295607,"s":"ZRXUSDT","U":96975019,"u":96975020,"b":[["0.99390000","0.00000000"],["0.99300000","0.00000000"]],"a":[]}}
1633998295.6337368: {"stream":"omgbusd@depth@100ms","data":{"e":"depthUpdate","E":1633998295707,"s":"OMGBUSD","U":77819684,"u":77819687,"b":[],"a":[["13.80350000","0.00000000"],["13.81960000","108.90000000"],["13.91400000","987.00000000"],["13.96940000","0.00000000"]]}}
1633998295.73405: {"stream":"omgbusd@depth@100ms","data":{"e":"depthUpdate","E":1633998295807,"s":"OMGBUSD","U":77819688,"u":77819689,"b":[["13.63070000","637.66000000"]],"a":[["13.88870000","647.07000000"]]}}
1633998295.7341728: {"stream":"compusdt@depth@100ms","data":{"e":"depthUpdate","E":1633998295807,"s":"COMPUSDT","U":113129337,"u":113129337,"b":[["296.88000000","0.00000000"]],"a":[]}}
1633998295.933456: {"stream":"omgbusd@depth@100ms","data":{"e":"depthUpdate","E":1633998296008,"s":"OMGBUSD","U":77819690,"u":77819692,"b":[["13.74560000","72.75000000"]],"a":[["13.81950000","72.36000000"],["13.81960000","0.00000000"]]}}
1633998295.964561: {"stream":"compusdt@bookTicker","data":{"u":113129338,"s":"COMPUSDT","b":"296.90000000","B":"2.90000000","a":"297.58000000","A":"4.96908000"}}
1633998295.9773178: {"stream":"compusdt@bookTicker","data":{"u":113129339,"s":"COMPUSDT","b":"296.90000000","B":"2.90000000","a":"297.50000000","A":"1.40000000"}}
1633998296.035489: {"stream":"compusdt@depth@100ms","data":{"e":"depthUpdate","E":1633998296108,"s":"COMPUSDT","U":113129338,"u":113129341,"b":[],"a":[["297.50000000","1.40000000"],["297.58000000","4.96908000"],["297.59000000","1.50000000"],["297.63000000","4.98941000"]]}}
1633998296.1321821: {"stream":"omgbusd@depth@100ms","data":{"e":"depthUpdate","E":1633998296208,"s":"OMGBUSD","U":77819693,"u":77819698,"b":[["13.74720000","0.00000000"],["13.74200000","363.02000000"],["13.71410000","726.60000000"]],"a":[["13.80760000","362.74000000"],["13.81950000","797.84000000"]]}}
1633998296.263102: {"stream":"crvusdt@bookTicker","data":{"u":1938858,"s":"CRVUSDT","b":"2.64100000","B":"3779.20000000","a":"2.64800000","A":"2029.90000000"}}
1633998296.333864: {"stream":"compusdt@depth@100ms","data":{"e":"depthUpdate","E":1633998296408,"s":"COMPUSDT","U":113129342,"u":113129342,"b":[],"a":[["297.87000000","0.00000000"]]}}
1633998296.333981: {"stream":"crvusdt@depth@100ms","data":{"e":"depthUpdate","E":1633998296408,"s":"CRVUSDT","U":1938858,"u":1938859,"b":[["2.64200000","0.00000000"],["2.54900000","1588.10000000"]],"a":[]}}
1633998296.534278: {"stream":"omgbusd@depth@100ms","data":{"e":"depthUpdate","E":1633998296608,"s":"OMGBUSD","U":77819699,"u":77819699,"b":[["13.74560000","0.00000000"]],"a":[]}}
1633998296.633062: {"stream":"omgbusd@depth@100ms","data":{"e":"depthUpdate","E":1633998296708,"s":"OMGBUSD","U":77819700,"u":77819700,"b":[],"a":[["13.80600000","110.08000000"]]}}
1633998296.63318: {"stream":"compusdt@depth@100ms","data":{"e":"depthUpdate","E":1633998296708,"s":"COMPUSDT","U":113129343,"u":113129343,"b":[],"a":[["297.58000000","0.00000000"]]}}
1633998296.834195: {"stream":"omgbusd@depth@100ms","data":{"e":"depthUpdate","E":1633998296908,"s":"OMGBUSD","U":77819701,"u":77819701,"b":[],"a":[["13.80940000","1200.00000000"]]}}
1633998296.898439: {"stream":"compusdt@bookTicker","data":{"u":113129344,"s":"COMPUSDT","b":"296.94000000","B":"16.81486000","a":"297.50000000","A":"1.40000000"}}
1633998296.9342651: {"stream":"compusdt@depth@100ms","data":{"e":"depthUpdate","E":1633998297008,"s":"COMPUSDT","U":113129344,"u":113129344,"b":[["296.94000000","16.81486000"]],"a":[]}}
1633998296.934381: {"stream":"omgbusd@depth@100ms","data":{"e":"depthUpdate","E":1633998297008,"s":"OMGBUSD","U":77819702,"u":77819702,"b":[],"a":[["13.80020000","109.05000000"]]}}
1633998297.034148: {"stream":"omgbusd@depth@100ms","data":{"e":"depthUpdate","E":1633998297108,"s":"OMGBUSD","U":77819703,"u":77819703,"b":[],"a":[["13.80940000","0.00000000"]]}}
1633998297.134479: {"stream":"omgbusd@depth@100ms","data":{"e":"depthUpdate","E":1633998297208,"s":"OMGBUSD","U":77819704,"u":77819704,"b":[],"a":[["13.81950000","725.48000000"]]}}
1633998297.2343628: {"stream":"omgbusd@depth@100ms","data":{"e":"depthUpdate","E":1633998297308,"s":"OMGBUSD","U":77819705,"u":77819705,"b":[],"a":[["13.80020000","0.00000000"]]}}
1633998297.27156: {"stream":"crvusdt@bookTicker","data":{"u":1938860,"s":"CRVUSDT","b":"2.64300000","B":"141.80000000","a":"2.64800000","A":"2029.90000000"}}
1633998297.316402: {"stream":"compusdt@bookTicker","data":{"u":113129345,"s":"COMPUSDT","b":"296.94000000","B":"16.81486000","a":"297.50000000","A":"6.39764000"}}
1633998297.334754: {"stream":"compusdt@depth@100ms","data":{"e":"depthUpdate","E":1633998297409,"s":"COMPUSDT","U":113129345,"u":113129345,"b":[],"a":[["297.50000000","6.39764000"]]}}
1633998297.334879: {"stream":"crvusdt@depth@100ms","data":{"e":"depthUpdate","E":1633998297409,"s":"CRVUSDT","U":1938860,"u":1938861,"b":[["2.64300000","141.80000000"]],"a":[["2.77500000","1147.50000000"]]}}
1633998297.4082718: {"stream":"crvusdt@bookTicker","data":{"u":1938862,"s":"CRVUSDT","b":"2.64300000","B":"141.80000000","a":"2.64800000","A":"1889.30000000"}}
1633998297.435009: {"stream":"crvusdt@depth@100ms","data":{"e":"depthUpdate","E":1633998297509,"s":"CRVUSDT","U":1938862,"u":1938863,"b":[["2.54900000","0.00000000"]],"a":[["2.64800000","1889.30000000"]]}}
1633998297.435136: {"stream":"compusdt@depth@100ms","data":{"e":"depthUpdate","E":1633998297509,"s":"COMPUSDT","U":113129346,"u":113129346,"b":[["296.84000000","0.20768000"]],"a":[]}}
1633998297.462063: {"stream":"crvusdt@bookTicker","data":{"u":1938864,"s":"CRVUSDT","b":"2.64300000","B":"2031.40000000","a":"2.64800000","A":"1889.30000000"}}
1633998297.534095: {"stream":"crvusdt@depth@100ms","data":{"e":"depthUpdate","E":1633998297609,"s":"CRVUSDT","U":1938864,"u":1938864,"b":[["2.64300000","2031.40000000"]],"a":[]}}
1633998297.634346: {"stream":"omgbusd@depth@100ms","data":{"e":"depthUpdate","E":1633998297709,"s":"OMGBUSD","U":77819706,"u":77819707,"b":[["13.74720000","0.00000000"]],"a":[]}}
1633998297.6344151: {"stream":"compusdt@depth@100ms","data":{"e":"depthUpdate","E":1633998297709,"s":"COMPUSDT","U":113129347,"u":113129347,"b":[],"a":[["297.59000000","6.46992000"]]}}
1633998297.7347882: {"stream":"compusdt@depth@100ms","data":{"e":"depthUpdate","E":1633998297809,"s":"COMPUSDT","U":113129348,"u":113129349,"b":[],"a":[["298.32000000","5.90000000"],["298.62000000","0.00000000"]]}}
1633998298.035098: {"stream":"omgbusd@depth@100ms","data":{"e":"depthUpdate","E":1633998298109,"s":"OMGBUSD","U":77819708,"u":77819709,"b":[["13.71960000","72.89000000"]],"a":[["13.81940000","72.36000000"]]}}
1633998298.1354911: {"stream":"omgbusd@depth@100ms","data":{"e":"depthUpdate","E":1633998298209,"s":"OMGBUSD","U":77819710,"u":77819710,"b":[["13.71960000","0.00000000"]],"a":[]}}
1633998298.265641: {"stream":"compusdt@bookTicker","data":{"u":113129350,"s":"COMPUSDT","b":"296.90000000","B":"2.90000000","a":"297.50000000","A":"6.39764000"}}
1633998298.271127: {"stream":"crvusdt@bookTicker","data":{"u":1938865,"s":"CRVUSDT","b":"2.64300000","B":"1889.60000000","a":"2.64800000","A":"1889.30000000"}}
1633998298.316963: {"stream":"compusdt@bookTicker","data":{"u":113129353,"s":"COMPUSDT","b":"296.90000000","B":"2.90000000","a":"297.50000000","A":"1.40000000"}}
1633998298.335202: {"stream":"crvusdt@depth@100ms","data":{"e":"depthUpdate","E":1633998298409,"s":"CRVUSDT","U":1938865,"u":1938867,"b":[["2.64300000","1889.60000000"],["2.55400000","93.00000000"]],"a":[["2.77500000","0.00000000"]]}}
1633998298.3353322: {"stream":"compusdt@depth@100ms","data":{"e":"depthUpdate","E":1633998298409,"s":"COMPUSDT","U":113129350,"u":113129353,"b":[["296.94000000","0.00000000"],["296.81000000","16.82393000"]],"a":[["297.50000000","1.40000000"],["297.58000000","16.82137000"]]}}
1633998298.335818: {"stream":"omgbusd@depth@100ms","data":{"e":"depthUpdate","E":1633998298409,"s":"OMGBUSD","U":77819711,"u":77819711,"b":[],"a":[["13.80100000","108.75000000"]]}}
1633998298.433245: {"stream":"crvusdt@bookTicker","data":{"u":1938870,"s":"CRVUSDT","b":"2.64300000","B":"1889.60000000","a":"2.64800000","A":"2002.60000000"}}
1633998298.435808: {"stream":"omgbusd@depth@100ms","data":{"e":"depthUpdate","E":1633998298509,"s":"OMGBUSD","U":77819712,"u":77819712,"b":[],"a":[["13.80100000","0.00000000"]]}}
1633998298.435924: {"stream":"crvusdt@depth@100ms","data":{"e":"depthUpdate","E":1633998298509,"s":"CRVUSDT","U":1938868,"u":1938870,"b":[["2.64200000","128.60000000"],["2.55400000","1559.70000000"]],"a":[["2.64800000","2002.60000000"]]}}
1633998298.835961: {"stream":"zrxusdt@depth@100ms","data":{"e":"depthUpdate","E":1633998298910,"s":"ZRXUSDT","U":96975021,"u":96975021,"b":[],"a":[["1.00340000","230.21000000"]]}}
1633998298.936575: {"stream":"omgbusd@depth@100ms","data":{"e":"depthUpdate","E":1633998299010,"s":"OMGBUSD","U":77819713,"u":77819715,"b":[["13.74720000","0.00000000"]],"a":[["13.87880000","0.00000000"]]}}
1633998299.0583758: {"stream":"zrxusdt@bookTicker","data":{"u":96975023,"s":"ZRXUSDT","b":"0.99470000","B":"307.93000000","a":"0.99780000","A":"5019.69000000"}}
1633998299.135299: {"stream":"zrxusdt@depth@100ms","data":{"e":"depthUpdate","E":1633998299210,"s":"ZRXUSDT","U":96975022,"u":96975023,"b":[["0.99460000","5017.83000000"]],"a":[["0.99780000","5019.69000000"]]}}
1633998299.236436: {"stream":"omgbusd@depth@100ms","data":{"e":"depthUpdate","E":1633998299310,"s":"OMGBUSD","U":77819716,"u":77819717,"b":[],"a":[["13.80890000","156.90000000"],["13.80920000","681.50000000"]]}}
1633998299.3356018: {"stream":"omgbusd@depth@100ms","data":{"e":"depthUpdate","E":1633998299410,"s":"OMGBUSD","U":77819718,"u":77819718,"b":[],"a":[["13.80600000","0.00000000"]]}}
1633998299.343006: {"stream":"compusdt@bookTicker","data":{"u":113129354,"s":"COMPUSDT","b":"296.90000000","B":"2.90000000","a":"297.49000000","A":"5.10218000"}}
1633998299.350604: {"stream":"compusdt@bookTicker","data":{"u":113129355,"s":"COMPUSDT","b":"296.90000000","B":"2.90000000","a":"297.48000000","A":"1.40000000"}}
1633998299.435649: {"stream":"compusdt@depth@100ms","data":{"e":"depthUpdate","E":1633998299510,"s":"COMPUSDT","U":113129354,"u":113129356,"b":[],"a":[["297.48000000","1.40000000"],["297.49000000","5.10218000"],["297.50000000","0.00000000"]]}}
1633998299.435787: {"stream":"omgbusd@depth@100ms","data":{"e":"depthUpdate","E":1633998299510,"s":"OMGBUSD","U":77819719,"u":77819719,"b":[],"a":[["13.80890000","0.00000000"]]}}
1633998299.5365179: {"stream":"compusdt@depth@100ms","data":{"e":"depthUpdate","E":1633998299610,"s":"COMPUSDT","U":113129357,"u":113129358,"b":[["296.79000000","0.00000000"]],"a":[["297.49000000","0.00000000"]]}}
1633998299.5366662: {"stream":"omgbusd@depth@100ms","data":{"e":"depthUpdate","E":1633998299610,"s":"OMGBUSD","U":77819720,"u":77819721,"b":[],"a":[["13.80110000","107.31000000"],["13.80920000","0.00000000"]]}}
1633998299.636393: {"stream":"zrxusdt@depth@100ms","data":{"e":"depthUpdate","E":1633998299710,"s":"ZRXUSDT","U":96975024,"u":96975024,"b":[["0.99460000","0.00000000"]],"a":[]}}
1633998299.7358148: {"stream":"omgbusd@depth@100ms","data":{"e":"depthUpdate","E":1633998299810,"s":"OMGBUSD","U":77819722,"u":77819722,"b":[],"a":[["13.80680000","814.60000000"]]}}
1633998299.735931: {"stream":"compusdt@depth@100ms","data":{"e":"depthUpdate","E":1633998299810,"s":"COMPUSDT","U":113129359,"u":113129362,"b":[["296.43000000","1.80000000"],["296.26000000","0.00000000"]],"a":[["298.32000000","0.00000000"],["298.62000000","5.90000000"]]}}
1633998299.8363159: {"stream":"zrxusdt@depth@100ms","data":{"e":"depthUpdate","E":1633998299910,"s":"ZRXUSDT","U":96975025,"u":96975025,"b":[["0.98930000","5643.71000000"]],"a":[]}}
1633998299.935785: {"stream":"compusdt@depth@100ms","data":{"e":"depthUpdate","E":1633998300010,"s":"COMPUSDT","U":113129363,"u":113129363,"b":[["296.74000000","30.78982000"]],"a":[]}}
1633998299.935915: {"stream":"omgbusd@depth@100ms","data":{"e":"depthUpdate","E":1633998300010,"s":"OMGBUSD","U":77819723,"u":77819723,"b":[],"a":[["13.80680000","0.00000000"]]}}
1633998299.935956: {"stream":"zrxusdt@depth@100ms","data":{"e":"depthUpdate","E":1633998300010,"s":"ZRXUSDT","U":96975026,"u":96975026,"b":[["0.99000000","40.41000000"]],"a":[]}}
1633998300.036927: {"stream":"compusdt@depth@100ms","data":{"e":"depthUpdate","E":1633998300110,"s":"COMPUSDT","U":113129364,"u":113129364,"b":[["296.81000000","0.00000000"]],"a":[]}}
1633998300.037046: {"stream":"omgbusd@depth@100ms","data":{"e":"depthUpdate","E":1633998300110,"s":"OMGBUSD","U":77819724,"u":77819725,"b":[["13.74940000","109.10000000"]],"a":[["13.80110000","0.00000000"]]}}
1633998300.2375: {"stream":"compusdt@depth@100ms","data":{"e":"depthUpdate","E":1633998300310,"s":"COMPUSDT","U":113129365,"u":113129365,"b":[],"a":[["297.59000000","1.50000000"]]}}
1633998300.336892: {"stream":"omgbusd@depth@100ms","data":{"e":"depthUpdate","E":1633998300411,"s":"OMGBUSD","U":77819726,"u":77819727,"b":[["13.75690000","100.00000000"]],"a":[["13.81150000","107.48000000"]]}}
1633998300.539358: {"stream":"compusdt@depth@100ms","data":{"e":"depthUpdate","E":1633998300611,"s":"COMPUSDT","U":113129366,"u":113129366,"b":[["296.80000000","5.10191000"]],"a":[]}}
1633998300.539449: {"stream":"compusdt@bookTicker","data":{"u":113129367,"s":"COMPUSDT","b":"296.90000000","B":"2.90000000","a":"297.47000000","A":"5.03445000"}}
1633998300.636689: {"stream":"compusdt@depth@100ms","data":{"e":"depthUpdate","E":1633998300711,"s":"COMPUSDT","U":113129367,"u":113129368,"b":[["296.80000000","0.00000000"]],"a":[["297.47000000","5.03445000"]]}}
1633998300.686852: {"stream":"zrxusdt@bookTicker","data":{"u":96975027,"s":"ZRXUSDT","b":"0.99470000","B":"307.93000000","a":"0.99780000","A":"7119.69000000"}}
1633998300.737104: {"stream":"compusdt@depth@100ms","data":{"e":"depthUpdate","E":1633998300811,"s":"COMPUSDT","U":113129369,"u":113129369,"b":[["296.74000000","0.00000000"]],"a":[]}}
1633998300.737222: {"stream":"zrxusdt@depth@100ms","data":{"e":"depthUpdate","E":1633998300811,"s":"ZRXUSDT","U":96975027,"u":96975027,"b":[],"a":[["0.99780000","7119.69000000"]]}}
1633998300.937622: {"stream":"omgbusd@depth@100ms","data":{"e":"depthUpdate","E":1633998301011,"s":"OMGBUSD","U":77819728,"u":77819728,"b":[["13.71960000","72.89000000"]],"a":[]}}
1633998300.9481: {"stream":"compusdt@bookTicker","data":{"u":113129370,"s":"COMPUSDT","b":"296.90000000","B":"2.90000000","a":"297.48000000","A":"1.40000000"}}
1633998301.037239: {"stream":"omgbusd@depth@100ms","data":{"e":"depthUpdate","E":1633998301111,"s":"OMGBUSD","U":77819729,"u":77819731,"b":[["13.75690000","0.00000000"],["13.71960000","0.00000000"]],"a":[["13.81940000","0.00000000"]]}}
1633998301.037332: {"stream":"compusdt@depth@100ms","data":{"e":"depthUpdate","E":1633998301111,"s":"COMPUSDT","U":113129370,"u":113129370,"b":[],"a":[["297.47000000","0.00000000"]]}}
1633998301.137627: {"stream":"omgbusd@depth@100ms","data":{"e":"depthUpdate","E":1633998301211,"s":"OMGBUSD","U":77819732,"u":77819733,"b":[],"a":[["13.80310000","109.40000000"],["13.81150000","0.00000000"]]}}
1633998301.236896: {"stream":"omgbusd@depth@100ms","data":{"e":"depthUpdate","E":1633998301311,"s":"OMGBUSD","U":77819734,"u":77819734,"b":[["13.74940000","0.00000000"]],"a":[]}}
1633998301.237439: {"stream":"zrxusdt@depth@100ms","data":{"e":"depthUpdate","E":1633998301311,"s":"ZRXUSDT","U":96975028,"u":96975028,"b":[],"a":[["0.99830000","2100.00000000"]]}}
1633998301.237501: {"stream":"compusdt@depth@100ms","data":{"e":"depthUpdate","E":1633998301311,"s":"COMPUSDT","U":113129371,"u":113129371,"b":[],"a":[["297.55000000","5.07896000"]]}}
1633998301.2902982: {"stream":"omgbusd@bookTicker","data":{"u":77819736,"s":"OMGBUSD","b":"13.76240000","B":"22.29000000","a":"13.79490000","A":"92.00000000"}}
1633998301.336438: {"stream":"omgbusd@depth@100ms","data":{"e":"depthUpdate","E":1633998301411,"s":"OMGBUSD","U":77819735,"u":77819736,"b":[],"a":[["13.79490000","92.00000000"],["14.05510000","7004.62000000"]]}}
1633998301.4244401: {"stream":"omgbusd@bookTicker","data":{"u":77819738,"s":"OMGBUSD","b":"13.74550000","B":"29.12000000","a":"13.79490000","A":"92.00000000"}}
1633998301.436865: {"stream":"omgbusd@depth@100ms","data":{"e":"depthUpdate","E":1633998301511,"s":"OMGBUSD","U":77819737,"u":77819739,"b":[["13.76240000","0.00000000"],["13.32850000","0.00000000"]],"a":[["13.81000000","1200.00000000"]]}}
1633998301.536717: {"stream":"omgbusd@depth@100ms","data":{"e":"depthUpdate","E":1633998301611,"s":"OMGBUSD","U":77819740,"u":77819740,"b":[],"a":[["13.81000000","0.00000000"]]}}
1633998301.536847: {"stream":"compusdt@depth@100ms","data":{"e":"depthUpdate","E":1633998301611,"s":"COMPUSDT","U":113129372,"u":113129372,"b":[],"a":[["313.02000000","0.00000000"]]}}
1633998301.536886: {"stream":"compusdt@bookTicker","data":{"u":113129373,"s":"COMPUSDT","b":"296.90000000","B":"2.90000000","a":"297.43000000","A":"0.64978000"}}
1633998301.581228: {"stream":"omgbusd@bookTicker","data":{"u":77819742,"s":"OMGBUSD","b":"13.76040000","B":"28.25000000","a":"13.79490000","A":"92.00000000"}}
1633998301.584568: {"stream":"omgbusd@bookTicker","data":{"u":77819744,"s":"OMGBUSD","b":"13.76040000","B":"28.25000000","a":"13.78340000","A":"25.37000000"}}
1633998301.637119: {"stream":"omgbusd@depth@100ms","data":{"e":"depthUpdate","E":1633998301711,"s":"OMGBUSD","U":77819741,"u":77819745,"b":[["13.76040000","28.25000000"],["13.74560000","43.98000000"],["13.33040000","377.08000000"]],"a":[["13.78340000","25.37000000"],["14.45840000","0.00000000"]]}}
1633998301.637263: {"stream":"compusdt@depth@100ms","data":{"e":"depthUpdate","E":1633998301711,"s":"COMPUSDT","U":113129373,"u":113129374,"b":[["296.70000000","0.00000000"]],"a":[["297.43000000","0.64978000"]]}}
1633998301.680086: {"stream":"omgbusd@kline_1m","data":{"e":"kline","E":1633998301755,"s":"OMGBUSD","k":{"t":1633998240000,"T":1633998299999,"s":"OMGBUSD","i":"1m","f":439572,"L":439585,"o":"13.72120000","c":"13.76640000","h":"13.80760000","l":"13.72120000","v":"536.51000000","n":14,"x":true,"q":"7387.12073500","V":"231.60000000","Q":"3187.75743000","B":"0"}}}
1633998301.680206: {"stream":"omgbusd@aggTrade","data":{"e":"aggTrade","E":1633998301755,"s":"OMGBUSD","a":425094,"p":"13.76040000","q":"18.25000000","f":439586,"l":439586,"T":1633998301754,"m":true,"M":true}}
1633998301.680254: {"stream":"omgbusd@bookTicker","data":{"u":77819746,"s":"OMGBUSD","b":"13.76040000","B":"10.00000000","a":"13.78340000","A":"25.37000000"}}
1633998301.7308931: {"stream":"omgbusd@bookTicker","data":{"u":77819750,"s":"OMGBUSD","b":"13.74560000","B":"43.98000000","a":"13.78340000","A":"25.37000000"}}
1633998301.732384: {"stream":"omgbusd@aggTrade","data":{"e":"aggTrade","E":1633998301807,"s":"OMGBUSD","a":425095,"p":"13.76040000","q":"10.00000000","f":439587,"l":439587,"T":1633998301807,"m":true,"M":true}}
1633998301.737561: {"stream":"omgbusd@depth@100ms","data":{"e":"depthUpdate","E":1633998301811,"s":"OMGBUSD","U":77819746,"u":77819750,"b":[["13.76040000","0.00000000"],["13.73970000","0.00000000"]],"a":[["13.80310000","0.00000000"],["13.80560000","1200.00000000"]]}}
1633998301.737706: {"stream":"compusdt@depth@100ms","data":{"e":"depthUpdate","E":1633998301811,"s":"COMPUSDT","U":113129375,"u":113129376,"b":[],"a":[["298.32000000","5.90000000"],["298.62000000","0.00000000"]]}}
1633998301.837495: {"stream":"zrxusdt@depth@100ms","data":{"e":"depthUpdate","E":1633998301911,"s":"ZRXUSDT","U":96975029,"u":96975029,"b":[],"a":[["1.00850000","0.00000000"]]}}
1633998301.8376079: {"stream":"omgbusd@depth@100ms","data":{"e":"depthUpdate","E":1633998301911,"s":"OMGBUSD","U":77819751,"u":77819754,"b":[["13.74200000","0.00000000"]],"a":[["13.79450000","363.43000000"],["13.80560000","0.00000000"],["13.80760000","0.00000000"]]}}
1633998301.837664: {"stream":"crvusdt@depth@100ms","data":{"e":"depthUpdate","E":1633998301911,"s":"CRVUSDT","U":1938871,"u":1938871,"b":[["2.64100000","0.00000000"]],"a":[]}}
1633998302.0066402: {"stream":"omgbusd@bookTicker","data":{"u":77819757,"s":"OMGBUSD","b":"13.74550000","B":"29.12000000","a":"13.78340000","A":"25.37000000"}}
1633998302.037216: {"stream":"compusdt@depth@100ms","data":{"e":"depthUpdate","E":1633998302112,"s":"COMPUSDT","U":113129377,"u":113129377,"b":[],"a":[["297.48000000","6.51445000"]]}}
1633998302.0383859: {"stream":"omgbusd@depth@100ms","data":{"e":"depthUpdate","E":1633998302112,"s":"OMGBUSD","U":77819755,"u":77819757,"b":[["13.74560000","0.00000000"],["13.71410000","0.00000000"]],"a":[["13.79480000","1200.00000000"]]}}
1633998302.138923: {"stream":"omgbusd@depth@100ms","data":{"e":"depthUpdate","E":1633998302212,"s":"OMGBUSD","U":77819758,"u":77819759,"b":[],"a":[["13.79480000","0.00000000"],["13.79490000","199.39000000"]]}}
1633998302.163454: {"stream":"omgbusd@bookTicker","data":{"u":77819760,"s":"OMGBUSD","b":"13.74580000","B":"11.59000000","a":"13.78340000","A":"25.37000000"}}
1633998302.237659: {"stream":"omgbusd@depth@100ms","data":{"e":"depthUpdate","E":1633998302312,"s":"OMGBUSD","U":77819760,"u":77819761,"b":[["13.74580000","11.59000000"],["13.72300000","107.57000000"]],"a":[]}}
1633998302.2629051: {"stream":"omgbusd@bookTicker","data":{"u":77819762,"s":"OMGBUSD","b":"13.74550000","B":"29.12000000","a":"13.78340000","A":"25.37000000"}}
1633998302.296142: {"stream":"crvusdt@bookTicker","data":{"u":1938872,"s":"CRVUSDT","b":"2.64300000","B":"1889.60000000","a":"2.64800000","A":"1889.30000000"}}
1633998302.336938: {"stream":"omgbusd@depth@100ms","data":{"e":"depthUpdate","E":1633998302412,"s":"OMGBUSD","U":77819762,"u":77819764,"b":[["13.74580000","0.00000000"]],"a":[["13.79050000","504.50000000"],["13.79160000","506.10000000"]]}}
1633998302.337705: {"stream":"crvusdt@depth@100ms","data":{"e":"depthUpdate","E":1633998302412,"s":"CRVUSDT","U":1938872,"u":1938873,"b":[],"a":[["2.64800000","1889.30000000"],["2.77700000","1646.80000000"]]}}
1633998302.435055: {"stream":"omgbusd@bookTicker","data":{"u":77819766,"s":"OMGBUSD","b":"13.73050000","B":"80.49000000","a":"13.78340000","A":"25.37000000"}}
1633998302.4373682: {"stream":"omgbusd@depth@100ms","data":{"e":"depthUpdate","E":1633998302512,"s":"OMGBUSD","U":77819765,"u":77819766,"b":[["13.74550000","0.00000000"]],"a":[["13.79030000","13.90000000"]]}}
1633998302.538104: {"stream":"omgbusd@depth@100ms","data":{"e":"depthUpdate","E":1633998302612,"s":"OMGBUSD","U":77819767,"u":77819768,"b":[],"a":[["13.79160000","0.00000000"],["14.43450000","0.00000000"]]}}
1633998302.590114: {"stream":"omgbusd@bookTicker","data":{"u":77819771,"s":"OMGBUSD","b":"13.73050000","B":"80.49000000","a":"13.76240000","A":"30.88000000"}}
1633998302.6382349: {"stream":"omgbusd@depth@100ms","data":{"e":"depthUpdate","E":1633998302712,"s":"OMGBUSD","U":77819769,"u":77819772,"b":[["13.29980000","271.87000000"],["13.27660000","264.39000000"]],"a":[["13.76240000","30.88000000"],["13.79440000","681.60000000"]]}}
1633998302.638371: {"stream":"compusdt@depth@100ms","data":{"e":"depthUpdate","E":1633998302712,"s":"COMPUSDT","U":113129378,"u":113129378,"b":[["296.70000000","5.01213000"]],"a":[]}}
1633998302.738446: {"stream":"compusdt@depth@100ms","data":{"e":"depthUpdate","E":1633998302812,"s":"COMPUSDT","U":113129379,"u":113129379,"b":[],"a":[["297.48000000","1.40000000"]]}}
1633998302.738531: {"stream":"omgbusd@depth@100ms","data":{"e":"depthUpdate","E":1633998302812,"s":"OMGBUSD","U":77819773,"u":77819773,"b":[],"a":[["13.79490000","92.00000000"]]}}
1633998302.83847: {"stream":"crvusdt@depth@100ms","data":{"e":"depthUpdate","E":1633998302912,"s":"CRVUSDT","U":1938874,"u":1938874,"b":[],"a":[["2.65200000","107.40000000"]]}}
1633998302.838586: {"stream":"omgbusd@depth@100ms","data":{"e":"depthUpdate","E":1633998302912,"s":"OMGBUSD","U":77819774,"u":77819779,"b":[["13.62610000","0.00000000"]],"a":[["13.78640000","0.00000000"],["13.79030000","0.00000000"],["13.79050000","0.00000000"],["13.79440000","0.00000000"]]}}
1633998302.8386428: {"stream":"compusdt@depth@100ms","data":{"e":"depthUpdate","E":1633998302912,"s":"COMPUSDT","U":113129380,"u":113129381,"b":[["296.80000000","5.09989000"]],"a":[["297.55000000","0.00000000"]]}}
1633998302.838681: {"stream":"zrxusdt@depth@100ms","data":{"e":"depthUpdate","E":1633998302912,"s":"ZRXUSDT","U":96975030,"u":96975032,"b":[["0.98220000","0.00000000"]],"a":[["1.00000000","0.00000000"],["1.00930000","23.83000000"]]}}
1633998303.038107: {"stream":"omgbusd@depth@100ms","data":{"e":"depthUpdate","E":1633998303112,"s":"OMGBUSD","U":77819780,"u":77819781,"b":[["13.72310000","72.87000000"]],"a":[["13.79480000","72.49000000"]]}}
1633998303.09215: {"stream":"zrxusdt@bookTicker","data":{"u":96975034,"s":"ZRXUSDT","b":"0.99510000","B":"5017.21000000","a":"0.99780000","A":"7119.69000000"}}
1633998303.102168: {"stream":"omgbusd@bookTicker","data":{"u":77819783,"s":"OMGBUSD","b":"13.73070000","B":"91.95000000","a":"13.76240000","A":"30.88000000"}}
1633998303.1394482: {"stream":"crvusdt@depth@100ms","data":{"e":"depthUpdate","E":1633998303212,"s":"CRVUSDT","U":1938875,"u":1938875,"b":[],"a":[["2.65400000","32.20000000"]]}}
1633998303.139562: {"stream":"omgbusd@depth@100ms","data":{"e":"depthUpdate","E":1633998303212,"s":"OMGBUSD","U":77819782,"u":77819783,"b":[["13.73070000","91.95000000"]],"a":[["13.79480000","0.00000000"]]}}
1633998303.139628: {"stream":"zrxusdt@depth@100ms","data":{"e":"depthUpdate","E":1633998303212,"s":"ZRXUSDT","U":96975033,"u":96975034,"b":[["0.99510000","5017.21000000"],["0.99400000","10035.65000000"]],"a":[]}}
1633998303.140637: {"stream":"compusdt@depth@100ms","data":{"e":"depthUpdate","E":1633998303212,"s":"COMPUSDT","U":113129382,"u":113129382,"b":[],"a":[["297.88000000","3.05783000"]]}}
1633998303.237348: {"stream":"omgbusd@depth@100ms","data":{"e":"depthUpdate","E":1633998303312,"s":"OMGBUSD","U":77819784,"u":77819785,"b":[["13.71030000","363.71000000"],["13.69110000","727.41000000"]],"a":[]}}
1633998303.238826: {"stream":"zrxusdt@depth@100ms","data":{"e":"depthUpdate","E":1633998303312,"s":"ZRXUSDT","U":96975035,"u":96975036,"b":[["0.98930000","0.00000000"]],"a":[["0.99890000","10038.64000000"]]}}
1633998303.43856: {"stream":"omgbusd@depth@100ms","data":{"e":"depthUpdate","E":1633998303512,"s":"OMGBUSD","U":77819786,"u":77819786,"b":[],"a":[["13.77290000","71.76000000"]]}}
1633998303.537756: {"stream":"compusdt@depth@100ms","data":{"e":"depthUpdate","E":1633998303613,"s":"COMPUSDT","U":113129383,"u":113129383,"b":[["296.80000000","0.00000000"]],"a":[]}}
1633998303.5460632: {"stream":"compusdt@bookTicker","data":{"u":113129384,"s":"COMPUSDT","b":"296.90000000","B":"2.90000000","a":"297.48000000","A":"1.40000000"}}
1633998303.637683: {"stream":"compusdt@depth@100ms","data":{"e":"depthUpdate","E":1633998303713,"s":"COMPUSDT","U":113129384,"u":113129385,"b":[],"a":[["297.43000000","0.00000000"],["313.08000000","9.09288000"]]}}
1633998303.737087: {"stream":"omgbusd@depth@100ms","data":{"e":"depthUpdate","E":1633998303813,"s":"OMGBUSD","U":77819787,"u":77819787,"b":[],"a":[["13.77740000","109.07000000"]]}}
1633998303.738514: {"stream":"compusdt@depth@100ms","data":{"e":"depthUpdate","E":1633998303813,"s":"COMPUSDT","U":113129386,"u":113129387,"b":[],"a":[["298.32000000","0.00000000"],["298.62000000","5.90000000"]]}}
1633998303.7981818: {"stream":"zrxusdt@bookTicker","data":{"u":96975037,"s":"ZRXUSDT","b":"0.99470000","B":"307.93000000","a":"0.99780000","A":"7119.69000000"}}
1633998303.837485: {"stream":"compusdt@depth@100ms","data":{"e":"depthUpdate","E":1633998303913,"s":"COMPUSDT","U":113129388,"u":113129388,"b":[],"a":[["297.56000000","5.08586000"]]}}
1633998303.8390982: {"stream":"omgbusd@depth@100ms","data":{"e":"depthUpdate","E":1633998303913,"s":"OMGBUSD","U":77819788,"u":77819788,"b":[],"a":[["13.77740000","0.00000000"]]}}
1633998303.839218: {"stream":"zrxusdt@depth@100ms","data":{"e":"depthUpdate","E":1633998303913,"s":"ZRXUSDT","U":96975037,"u":96975039,"b":[["0.99510000","0.00000000"],["0.99450000","5019.86000000"],["0.98320000","23.83000000"]],"a":[]}}
1633998303.896163: {"stream":"compusdt@bookTicker","data":{"u":113129389,"s":"COMPUSDT","b":"296.92000000","B":"16.81835000","a":"297.48000000","A":"1.40000000"}}
1633998303.939683: {"stream":"compusdt@depth@100ms","data":{"e":"depthUpdate","E":1633998304013,"s":"COMPUSDT","U":113129389,"u":113129389,"b":[["296.92000000","16.81835000"]],"a":[]}}
1633998303.939799: {"stream":"omgbusd@depth@100ms","data":{"e":"depthUpdate","E":1633998304013,"s":"OMGBUSD","U":77819789,"u":77819789,"b":[],"a":[["13.78740000","109.28000000"]]}}
1633998304.037205: {"stream":"zrxusdt@depth@100ms","data":{"e":"depthUpdate","E":1633998304113,"s":"ZRXUSDT","U":96975040,"u":96975040,"b":[["0.98960000","6499.82000000"]],"a":[]}}
1633998304.339055: {"stream":"crvusdt@depth@100ms","data":{"e":"depthUpdate","E":1633998304413,"s":"CRVUSDT","U":1938876,"u":1938876,"b":[],"a":[["2.77700000","0.00000000"]]}}
1633998304.4396071: {"stream":"zrxusdt@depth@100ms","data":{"e":"depthUpdate","E":1633998304513,"s":"ZRXUSDT","U":96975041,"u":96975041,"b":[],"a":[["1.07940000","0.00000000"]]}}
1633998304.439708: {"stream":"omgbusd@depth@100ms","data":{"e":"depthUpdate","E":1633998304513,"s":"OMGBUSD","U":77819790,"u":77819790,"b":[],"a":[["14.41220000","0.00000000"]]}}
1633998304.440453: {"stream":"omgbusd@bookTicker","data":{"u":77819791,"s":"OMGBUSD","b":"13.73070000","B":"91.95000000","a":"13.77290000","A":"71.76000000"}}
1633998304.4718962: {"stream":"crvusdt@bookTicker","data":{"u":1938877,"s":"CRVUSDT","b":"2.64300000","B":"1889.60000000","a":"2.64800000","A":"2026.90000000"}}
1633998304.538937: {"stream":"crvusdt@depth@100ms","data":{"e":"depthUpdate","E":1633998304613,"s":"CRVUSDT","U":1938877,"u":1938877,"b":[],"a":[["2.64800000","2026.90000000"]]}}
1633998304.5398688: {"stream":"omgbusd@depth@100ms","data":{"e":"depthUpdate","E":1633998304613,"s":"OMGBUSD","U":77819791,"u":77819792,"b":[],"a":[["13.76240000","0.00000000"],["13.79490000","0.00000000"]]}}
1633998304.5886688: {"stream":"omgbusd@bookTicker","data":{"u":77819794,"s":"OMGBUSD","b":"13.73070000","B":"91.95000000","a":"13.77280000","A":"72.96000000"}}
1633998304.591081: {"stream":"zrxusdt@bookTicker","data":{"u":96975042,"s":"ZRXUSDT","b":"0.99470000","B":"307.93000000","a":"0.99710000","A":"297.90000000"}}
1633998304.5984561: {"stream":"omgbusd@kline_1m","data":{"e":"kline","E":1633998304672,"s":"OMGBUSD","k":{"t":1633998300000,"T":1633998359999,"s":"OMGBUSD","i":"1m","f":439586,"L":439587,"o":"13.76040000","c":"13.76040000","h":"13.76040000","l":"13.76040000","v":"28.25000000","n":2,"x":false,"q":"388.73130000","V":"0.00000000","Q":"0.00000000","B":"0"}}}
1633998304.638368: {"stream":"zrxusdt@depth@100ms","data":{"e":"depthUpdate","E":1633998304713,"s":"ZRXUSDT","U":96975042,"u":96975042,"b":[],"a":[["0.99710000","297.90000000"]]}}
1633998304.639206: {"stream":"omgbusd@depth@100ms","data":{"e":"depthUpdate","E":1633998304713,"s":"OMGBUSD","U":77819793,"u":77819794,"b":[],"a":[["13.77280000","72.96000000"],["14.40890000","374.91000000"]]}}
1633998304.677161: {"stream":"compusdt@bookTicker","data":{"u":113129390,"s":"COMPUSDT","b":"296.92000000","B":"16.81835000","a":"297.47000000","A":"4.99915000"}}
1633998304.713464: {"stream":"compusdt@bookTicker","data":{"u":113129392,"s":"COMPUSDT","b":"296.92000000","B":"16.81835000","a":"297.46000000","A":"1.40000000"}}
1633998304.73935: {"stream":"compusdt@depth@100ms","data":{"e":"depthUpdate","E":1633998304813,"s":"COMPUSDT","U":113129390,"u":113129392,"b":[],"a":[["297.46000000","1.40000000"],["297.47000000","4.99915000"],["297.48000000","0.00000000"]]}}
1633998304.739481: {"stream":"omgbusd@depth@100ms","data":{"e":"depthUpdate","E":1633998304813,"s":"OMGBUSD","U":77819795,"u":77819795,"b":[],"a":[["13.78710000","1200.00000000"]]}}
1633998304.8384042: {"stream":"compusdt@depth@100ms","data":{"e":"depthUpdate","E":1633998304913,"s":"COMPUSDT","U":113129393,"u":113129393,"b":[["296.90000000","1.50000000"]],"a":[]}}
1633998304.8713322: {"stream":"compusdt@bookTicker","data":{"u":113129394,"s":"COMPUSDT","b":"296.92000000","B":"16.81835000","a":"297.46000000","A":"2.90000000"}}
1633998304.9395578: {"stream":"compusdt@depth@100ms","data":{"e":"depthUpdate","E":1633998305013,"s":"COMPUSDT","U":113129394,"u":113129394,"b":[],"a":[["297.46000000","2.90000000"]]}}
1633998304.9402812: {"stream":"omgbusd@depth@100ms","data":{"e":"depthUpdate","E":1633998305013,"s":"OMGBUSD","U":77819796,"u":77819798,"b":[["13.72300000","0.00000000"],["13.70690000","107.79000000"]],"a":[["13.77690000","109.46000000"]]}}
1633998305.0400279: {"stream":"omgbusd@depth@100ms","data":{"e":"depthUpdate","E":1633998305113,"s":"OMGBUSD","U":77819799,"u":77819801,"b":[["13.70690000","0.00000000"]],"a":[["13.78330000","72.55000000"],["13.78710000","0.00000000"]]}}
1633998305.040169: {"stream":"compusdt@depth@100ms","data":{"e":"depthUpdate","E":1633998305114,"s":"COMPUSDT","U":113129395,"u":113129395,"b":[["296.70000000","0.00000000"]],"a":[]}}
1633998305.140364: {"stream":"compusdt@depth@100ms","data":{"e":"depthUpdate","E":1633998305214,"s":"COMPUSDT","U":113129396,"u":113129396,"b":[],"a":[["297.86000000","0.00000000"]]}}
1633998305.2394009: {"stream":"omgbusd@depth@100ms","data":{"e":"depthUpdate","E":1633998305314,"s":"OMGBUSD","U":77819802,"u":77819802,"b":[],"a":[["13.78090000","1200.00000000"]]}}
1633998305.241248: {"stream":"compusdt@depth@100ms","data":{"e":"depthUpdate","E":1633998305314,"s":"COMPUSDT","U":113129397,"u":113129397,"b":[],"a":[["297.64000000","33.64886000"]]}}
1633998305.33951: {"stream":"compusdt@depth@100ms","data":{"e":"depthUpdate","E":1633998305414,"s":"COMPUSDT","U":113129398,"u":113129399,"b":[],"a":[["298.32000000","5.90000000"],["298.62000000","0.00000000"]]}}
1633998305.441638: {"stream":"omgbusd@bookTicker","data":{"u":77819804,"s":"OMGBUSD","b":"13.73070000","B":"91.95000000","a":"13.75740000","A":"31.76000000"}}
1633998305.4442308: {"stream":"zrxusdt@bookTicker","data":{"u":96975043,"s":"ZRXUSDT","b":"0.99470000","B":"307.93000000","a":"0.99780000","A":"7119.69000000"}}
1633998305.539553: {"stream":"zrxusdt@depth@100ms","data":{"e":"depthUpdate","E":1633998305614,"s":"ZRXUSDT","U":96975043,"u":96975046,"b":[["0.99460000","347.86000000"],["0.93970000","3956.01000000"]],"a":[["0.99710000","0.00000000"],["1.08000000","5602.98000000"]]}}
