wss://dstream.binance.com/stream?streams=linkusd_211231@depth@100ms/linkusd_perp@depth@100ms/trxusd_perp@depth@100ms/etcusd_perp@depth@100ms/btcusd_211231@depth@100ms/xrpusd_perp@depth@100ms/eosusd_perp@depth@100ms/bchusd_perp@depth@100ms/bchusd_210924@depth@100ms/ethusd_210924@depth@100ms/linkusd_211231@bookTicker/linkusd_perp@bookTicker/trxusd_perp@bookTicker/etcusd_perp@bookTicker/btcusd_211231@bookTicker/xrpusd_perp@bookTicker/eosusd_perp@bookTicker/bchusd_perp@bookTicker/bchusd_210924@bookTicker/ethusd_210924@bookTicker/linkusd_211231@aggTrade/linkusd_perp@aggTrade/trxusd_perp@aggTrade/etcusd_perp@aggTrade/btcusd_211231@aggTrade/xrpusd_perp@aggTrade/eosusd_perp@aggTrade/bchusd_perp@aggTrade/bchusd_210924@aggTrade/ethusd_210924@aggTrade/linkusd_211231@kline_1m/linkusd_perp@kline_1m/trxusd_perp@kline_1m/etcusd_perp@kline_1m/btcusd_211231@kline_1m/xrpusd_perp@kline_1m/eosusd_perp@kline_1m/bchusd_perp@kline_1m/bchusd_210924@kline_1m/ethusd_210924@kline_1m <-> 1626916402.990619
1626916403.8469708: {"stream":"bchusd_perp@bookTicker","data":{"u":167006084895,"e":"bookTicker","s":"BCHUSD_PERP","ps":"BCHUSD","b":"427.84","B":"24","a":"427.90","A":"669","T":1626916403864,"E":1626916403871}}
1626916403.847065: {"stream":"ethusd_210924@bookTicker","data":{"u":167006084912,"e":"bookTicker","s":"ETHUSD_210924","ps":"ETHUSD","b":"1992.17","B":"389","a":"1992.18","A":"1507","T":1626916403868,"E":1626916403871}}
1626916403.847095: {"stream":"xrpusd_perp@bookTicker","data":{"u":167006084906,"e":"bookTicker","s":"XRPUSD_PERP","ps":"XRPUSD","b":"0.5666","B":"616","a":"0.5667","A":"6858","T":1626916403867,"E":1626916403871}}
1626916403.8471181: {"stream":"bchusd_perp@depth@100ms","data":{"e":"depthUpdate","E":1626916403873,"T":1626916403864,"s":"BCHUSD_PERP","ps":"BCHUSD","U":167006084465,"u":167006084895,"pu":167006084238,"b":[["427.27","0"],["427.53","260"],["427.61","17"],["427.69","0"],["427.75","228"],["427.84","24"],["427.91","0"]],"a":[["427.90","669"],["427.91","24"],["427.92","670"],["428.19","676"]]}}
1626916404.548189: {"stream":"etcusd_perp@bookTicker","data":{"u":167006084954,"e":"bookTicker","s":"ETCUSD_PERP","ps":"ETCUSD","b":"42.273","B":"90","a":"42.301","A":"100","T":1626916403872,"E":1626916403877}}
1626916404.548231: {"stream":"bchusd_perp@bookTicker","data":{"u":167006084960,"e":"bookTicker","s":"BCHUSD_PERP","ps":"BCHUSD","b":"427.82","B":"150","a":"427.90","A":"669","T":1626916403872,"E":1626916403877}}
1626916404.5482519: {"stream":"linkusd_perp@depth@100ms","data":{"e":"depthUpdate","E":1626916403879,"T":1626916403858,"s":"LINKUSD_PERP","ps":"LINKUSD","U":167006084476,"u":167006084856,"pu":167006084212,"b":[["15.055","562"],["15.057","2739"]],"a":[["15.070","0"],["15.077","704"],["15.079","2756"]]}}
1626916405.166081: {"stream":"bchusd_perp@bookTicker","data":{"u":167006084976,"e":"bookTicker","s":"BCHUSD_PERP","ps":"BCHUSD","b":"427.82","B":"150","a":"427.89","A":"130","T":1626916403875,"E":1626916403881}}
1626916405.166122: {"stream":"ethusd_210924@bookTicker","data":{"u":167006084993,"e":"bookTicker","s":"ETHUSD_210924","ps":"ETHUSD","b":"1992.17","B":"65","a":"1992.18","A":"1507","T":1626916403878,"E":1626916403883}}
1626916405.166143: {"stream":"bchusd_perp@bookTicker","data":{"u":167006085016,"e":"bookTicker","s":"BCHUSD_PERP","ps":"BCHUSD","b":"427.82","B":"150","a":"427.88","A":"150","T":1626916403880,"E":1626916403885}}
1626916405.1661599: {"stream":"ethusd_210924@bookTicker","data":{"u":167006085107,"e":"bookTicker","s":"ETHUSD_210924","ps":"ETHUSD","b":"1992.17","B":"65","a":"1992.18","A":"1809","T":1626916403890,"E":1626916403894}}
1626916405.166176: {"stream":"etcusd_perp@bookTicker","data":{"u":167006085110,"e":"bookTicker","s":"ETCUSD_PERP","ps":"ETCUSD","b":"42.272","B":"278","a":"42.301","A":"100","T":1626916403891,"E":1626916403894}}
1626916405.1661901: {"stream":"bchusd_210924@depth@100ms","data":{"e":"depthUpdate","E":1626916403894,"T":1626916403882,"s":"BCHUSD_210924","ps":"BCHUSD","U":167006084552,"u":167006085029,"pu":167006084178,"b":[["429.10","40"],["429.21","0"],["429.28","126"]],"a":[["429.73","0"],["430.27","525"]]}}
1626916405.771998: {"stream":"etcusd_perp@bookTicker","data":{"u":167006085180,"e":"bookTicker","s":"ETCUSD_PERP","ps":"ETCUSD","b":"42.272","B":"278","a":"42.299","A":"200","T":1626916403901,"E":1626916403906}}
1626916405.772047: {"stream":"bchusd_perp@bookTicker","data":{"u":167006085228,"e":"bookTicker","s":"BCHUSD_PERP","ps":"BCHUSD","b":"427.84","B":"24","a":"427.88","A":"150","T":1626916403909,"E":1626916403914}}
1626916405.772073: {"stream":"etcusd_perp@bookTicker","data":{"u":167006085242,"e":"bookTicker","s":"ETCUSD_PERP","ps":"ETCUSD","b":"42.272","B":"278","a":"42.298","A":"100","T":1626916403912,"E":1626916403917}}
1626916405.772094: {"stream":"xrpusd_perp@bookTicker","data":{"u":167006085279,"e":"bookTicker","s":"XRPUSD_PERP","ps":"XRPUSD","b":"0.5666","B":"566","a":"0.5667","A":"6858","T":1626916403916,"E":1626916403922}}
1626916405.772112: {"stream":"bchusd_perp@bookTicker","data":{"u":167006085298,"e":"bookTicker","s":"BCHUSD_PERP","ps":"BCHUSD","b":"427.82","B":"150","a":"427.88","A":"150","T":1626916403921,"E":1626916403924}}
1626916405.772131: {"stream":"xrpusd_perp@bookTicker","data":{"u":167006085293,"e":"bookTicker","s":"XRPUSD_PERP","ps":"XRPUSD","b":"0.5666","B":"566","a":"0.5667","A":"7158","T":1626916403920,"E":1626916403924}}
1626916405.772149: {"stream":"etcusd_perp@depth@100ms","data":{"e":"depthUpdate","E":1626916403933,"T":1626916403925,"s":"ETCUSD_PERP","ps":"ETCUSD","U":167006084710,"u":167006085323,"pu":167006084599,"b":[["42.213","995"],["42.239","1656"],["42.244","56"],["42.246","992"],["42.261","25"],["42.264","90"],["42.267","1214"],["42.272","278"],["42.273","0"]],"a":[["42.298","100"],["42.299","200"],["42.301","0"],["42.302","300"],["42.303","0"],["42.311","0"],["42.320","1550"],["42.344","0"],["42.348","790"],["42.349","796"],["42.350","73"],["42.359","1549"],["42.371","30"]]}}
1626916406.387914: {"stream":"ethusd_210924@depth@100ms","data":{"e":"depthUpdate","E":1626916403933,"T":1626916403919,"s":"ETHUSD_210924","ps":"ETHUSD","U":167006084708,"u":167006085291,"pu":167006084663,"b":[["1984.58","0"],["1987.53","500"],["1987.56","0"],["1987.60","533"],["1987.66","0"],["1987.81","4138"],["1987.97","470"],["1988.24","321"],["1988.36","414"],["1988.64","365"],["1989.38","1073"],["1989.97","1829"],["1991.48","750"],["1991.49","292"],["1991.63","0"],["1991.64","0"],["1991.65","270"],["1991.99","0"],["1992.00","263"],["1992.02","0"],["1992.03","0"],["1992.17","65"]],"a":[["1992.18","1809"],["1992.28","650"],["1992.82","1000"]]}}
1626916407.016999: {"stream":"bchusd_perp@bookTicker","data":{"u":167006085333,"e":"bookTicker","s":"BCHUSD_PERP","ps":"BCHUSD","b":"427.82","B":"150","a":"427.87","A":"130","T":1626916403927,"E":1626916403935}}
1626916407.0170372: {"stream":"bchusd_210924@bookTicker","data":{"u":167006085338,"e":"bookTicker","s":"BCHUSD_210924","ps":"BCHUSD","b":"429.35","B":"200","a":"429.47","A":"40","T":1626916403928,"E":1626916403935}}
1626916407.017055: {"stream":"etcusd_perp@bookTicker","data":{"u":167006085375,"e":"bookTicker","s":"ETCUSD_PERP","ps":"ETCUSD","b":"42.272","B":"278","a":"42.296","A":"200","T":1626916403931,"E":1626916403937}}
1626916407.017071: {"stream":"bchusd_210924@bookTicker","data":{"u":167006085432,"e":"bookTicker","s":"BCHUSD_210924","ps":"BCHUSD","b":"429.35","B":"200","a":"429.46","A":"40","T":1626916403942,"E":1626916403947}}
1626916407.017084: {"stream":"bchusd_perp@bookTicker","data":{"u":167006085426,"e":"bookTicker","s":"BCHUSD_PERP","ps":"BCHUSD","b":"427.82","B":"150","a":"427.87","A":"630","T":1626916403941,"E":1626916403947}}
1626916407.017097: {"stream":"etcusd_perp@bookTicker","data":{"u":167006085466,"e":"bookTicker","s":"ETCUSD_PERP","ps":"ETCUSD","b":"42.272","B":"278","a":"42.295","A":"100","T":1626916403944,"E":1626916403949}}
1626916407.01711: {"stream":"bchusd_perp@bookTicker","data":{"u":167006085489,"e":"bookTicker","s":"BCHUSD_PERP","ps":"BCHUSD","b":"427.82","B":"150","a":"427.85","A":"150","T":1626916403948,"E":1626916403953}}
1626916407.017122: {"stream":"xrpusd_perp@bookTicker","data":{"u":167006085512,"e":"bookTicker","s":"XRPUSD_PERP","ps":"XRPUSD","b":"0.5666","B":"566","a":"0.5667","A":"7128","T":1626916403952,"E":1626916403958}}
1626916407.0171342: {"stream":"xrpusd_perp@depth@100ms","data":{"e":"depthUpdate","E":1626916403961,"T":1626916403955,"s":"XRPUSD_PERP","ps":"XRPUSD","U":167006084834,"u":167006085522,"pu":167006084818,"b":[["0.5660","12078"],["0.5662","5271"],["0.5663","11113"],["0.5664","4515"],["0.5666","566"]],"a":[["0.5666","0"],["0.5667","7128"],["0.5668","8136"],["0.5669","1673"],["0.5672","4473"],["0.5673","3379"],["0.5678","13373"],["0.5679","4500"],["0.5680","1911"],["0.5684","945"]]}}
1626916407.634061: {"stream":"bchusd_perp@bookTicker","data":{"u":167006085550,"e":"bookTicker","s":"BCHUSD_PERP","ps":"BCHUSD","b":"427.84","B":"24","a":"427.85","A":"150","T":1626916403959,"E":1626916403964}}
1626916407.6340969: {"stream":"bchusd_perp@bookTicker","data":{"u":167006085628,"e":"bookTicker","s":"BCHUSD_PERP","ps":"BCHUSD","b":"427.82","B":"150","a":"427.85","A":"150","T":1626916403970,"E":1626916403976}}
1626916407.6341162: {"stream":"bchusd_perp@depth@100ms","data":{"e":"depthUpdate","E":1626916403976,"T":1626916403970,"s":"BCHUSD_PERP","ps":"BCHUSD","U":167006084917,"u":167006085628,"pu":167006084895,"b":[["427.20","200"],["427.50","4617"],["427.57","0"],["427.61","17"],["427.66","2841"],["427.68","100"],["427.69","1048"],["427.75","128"],["427.77","0"],["427.81","0"],["427.84","0"]],"a":[["427.85","150"],["427.87","630"],["427.88","150"],["427.89","0"],["427.90","539"],["427.91","124"],["427.92","520"],["427.93","0"],["427.96","0"],["428.29","57"],["429.59","0"]]}}
1626916407.634133: {"stream":"xrpusd_perp@bookTicker","data":{"u":167006085638,"e":"bookTicker","s":"XRPUSD_PERP","ps":"XRPUSD","b":"0.5666","B":"566","a":"0.5667","A":"7158","T":1626916403972,"E":1626916403977}}
1626916407.6341481: {"stream":"btcusd_211231@depth@100ms","data":{"e":"depthUpdate","E":1626916403983,"T":1626916403971,"s":"BTCUSD_211231","ps":"BTCUSD","U":167006085008,"u":167006085632,"pu":167006083898,"b":[["32515.1","0"],["32516.8","2715"],["32602.4","0"]],"a":[["32636.8","153"],["32642.0","0"],["32648.4","75"],["32688.2","0"]]}}
1626916408.2504818: {"stream":"linkusd_perp@depth@100ms","data":{"e":"depthUpdate","E":1626916403985,"T":1626916403964,"s":"LINKUSD_PERP","ps":"LINKUSD","U":167006085020,"u":167006085586,"pu":167006084856,"b":[["15.026","1097"],["15.053","1841"],["15.056","1742"],["15.057","2839"],["15.059","2385"]],"a":[["15.073","5313"],["15.081","74"]]}}
1626916408.250505: {"stream":"trxusd_perp@depth@100ms","data":{"e":"depthUpdate","E":1626916403985,"T":1626916403963,"s":"TRXUSD_PERP","ps":"TRXUSD","U":167006085031,"u":167006085581,"pu":167006083464,"b":[["0.05342","671"]],"a":[["0.05349","233"],["0.05350","1926"],["0.05351","2125"],["0.05352","669"]]}}
1626916408.436425: {"stream":"linkusd_211231@depth@100ms","data":{"e":"depthUpdate","E":1626916404002,"T":1626916403978,"s":"LINKUSD_211231","ps":"LINKUSD","U":167006085152,"u":167006085668,"pu":167006084356,"b":[["14.763","100"],["14.839","100"],["14.914","100"],["14.989","100"],["15.065","100"],["15.167","158"]],"a":[["15.385","20"]]}}
1626916408.607271: {"stream":"etcusd_perp@bookTicker","data":{"u":167006085759,"e":"bookTicker","s":"ETCUSD_PERP","ps":"ETCUSD","b":"42.272","B":"278","a":"42.294","A":"369","T":1626916403996,"E":1626916404002}}
1626916408.60732: {"stream":"bchusd_perp@aggTrade","data":{"e":"aggTrade","E":1626916404006,"a":11285749,"s":"BCHUSD_PERP","p":"427.91","q":"3","f":16034449,"l":16034449,"T":1626916403852,"m":true}}
1626916408.607359: {"stream":"bchusd_210924@depth@100ms","data":{"e":"depthUpdate","E":1626916404006,"T":1626916403972,"s":"BCHUSD_210924","ps":"BCHUSD","U":167006085183,"u":167006085646,"pu":167006085029,"b":[["428.87","0"]],"a":[["429.46","40"],["429.47","40"],["429.53","0"],["429.54","0"],["429.65","120"],["429.66","421"],["429.98","2595"],["430.06","123"]]}}
1626916408.607381: {"stream":"etcusd_perp@bookTicker","data":{"u":167006085795,"e":"bookTicker","s":"ETCUSD_PERP","ps":"ETCUSD","b":"42.272","B":"278","a":"42.294","A":"459","T":1626916404003,"E":1626916404008}}
1626916408.607405: {"stream":"etcusd_perp@bookTicker","data":{"u":167006085817,"e":"bookTicker","s":"ETCUSD_PERP","ps":"ETCUSD","b":"42.272","B":"278","a":"42.293","A":"100","T":1626916404009,"E":1626916404014}}
1626916408.607425: {"stream":"eosusd_perp@bookTicker","data":{"u":167006085835,"e":"bookTicker","s":"EOSUSD_PERP","ps":"EOSUSD","b":"3.467","B":"2761","a":"3.468","A":"250","T":1626916404012,"E":1626916404017}}
1626916408.607448: {"stream":"etcusd_perp@bookTicker","data":{"u":167006085921,"e":"bookTicker","s":"ETCUSD_PERP","ps":"ETCUSD","b":"42.272","B":"278","a":"42.292","A":"345","T":1626916404021,"E":1626916404026}}
1626916408.607471: {"stream":"eosusd_perp@bookTicker","data":{"u":167006085946,"e":"bookTicker","s":"EOSUSD_PERP","ps":"EOSUSD","b":"3.467","B":"1380","a":"3.468","A":"250","T":1626916404024,"E":1626916404029}}
1626916408.607489: {"stream":"etcusd_perp@depth@100ms","data":{"e":"depthUpdate","E":1626916404035,"T":1626916404029,"s":"ETCUSD_PERP","ps":"ETCUSD","U":167006085335,"u":167006085976,"pu":167006085323,"b":[["41.983","0"],["42.223","1510"],["42.232","100"],["42.235","977"],["42.239","1556"],["42.255","200"],["42.260","92"],["42.261","1356"]],"a":[["42.292","345"],["42.293","100"],["42.294","369"],["42.295","0"],["42.296","200"],["42.297","0"],["42.298","0"],["42.299","500"],["42.302","0"],["42.304","400"],["42.312","90"],["42.313","0"],["42.320","1750"],["42.334","526"],["42.335","400"],["42.340","80"],["42.343","23382"],["42.349","396"],["42.350","73"],["42.353","200"],["42.359","1149"]]}}
1626916408.607512: {"stream":"ethusd_210924@depth@100ms","data":{"e":"depthUpdate","E":1626916404035,"T":1626916404030,"s":"ETHUSD_210924","ps":"ETHUSD","U":167006085329,"u":167006085979,"pu":167006085291,"b":[["1984.54","0"],["1984.63","0"],["1984.65","0"],["1985.77","2815"],["1986.99","533"],["1987.20","401"],["1987.22","0"],["1987.29","470"],["1987.37","1000"],["1987.43","321"],["1987.51","0"],["1987.60","0"],["1987.81","3737"],["1987.97","0"],["1988.10","190"],["1988.14","414"],["1988.24","0"],["1988.30","0"],["1988.35","365"],["1988.36","0"],["1988.38","2000"],["1988.40","406"],["1988.45","0"],["1988.64","0"],["1989.07","0"],["1989.14","405"],["1989.90","512"],["1989.92","0"],["1990.21","3480"],["1990.72","0"],["1991.29","0"],["1991.50","270"],["1991.65","0"],["1991.66","0"],["1991.68","0"],["1991.69","0"],["1991.72","0"],["1991.73","127"],["1991.76","360"],["1991.98","0"],["1992.00","0"]],"a":[["1992.34","270"],["1992.36","0"],["1992.44","480"],["1992.57","0"],["1992.59","81"],["1992.72","1701"],["1994.43","365"],["1996.42","0"],["2024.28","408"],["2034.20","409"],["2044.12","2941"],["2054.05","413"],["2063.97","416"]]}}
1626916408.607543: {"stream":"etcusd_perp@bookTicker","data":{"u":167006085996,"e":"bookTicker","s":"ETCUSD_PERP","ps":"ETCUSD","b":"42.272","B":"278","a":"42.291","A":"100","T":1626916404033,"E":1626916404039}}
1626916408.607563: {"stream":"bchusd_perp@bookTicker","data":{"u":167006086040,"e":"bookTicker","s":"BCHUSD_PERP","ps":"BCHUSD","b":"427.82","B":"150","a":"427.85","A":"280","T":1626916404037,"E":1626916404045}}
1626916408.607587: {"stream":"etcusd_perp@bookTicker","data":{"u":167006086114,"e":"bookTicker","s":"ETCUSD_PERP","ps":"ETCUSD","b":"42.272","B":"278","a":"42.290","A":"410","T":1626916404046,"E":1626916404049}}
1626916408.607605: {"stream":"etcusd_perp@bookTicker","data":{"u":167006086207,"e":"bookTicker","s":"ETCUSD_PERP","ps":"ETCUSD","b":"42.272","B":"278","a":"42.289","A":"100","T":1626916404056,"E":1626916404063}}
1626916408.607641: {"stream":"xrpusd_perp@depth@100ms","data":{"e":"depthUpdate","E":1626916404077,"T":1626916404067,"s":"XRPUSD_PERP","ps":"XRPUSD","U":167006085638,"u":167006086286,"pu":167006085522,"b":[["0.5661","2626"]],"a":[["0.5666","0"],["0.5667","7158"],["0.5668","8321"],["0.5669","2002"],["0.5671","6601"],["0.5672","4072"],["0.5679","5000"],["0.5682","6939"]]}}
1626916408.6076539: {"stream":"btcusd_211231@depth@100ms","data":{"e":"depthUpdate","E":1626916404084,"T":1626916404021,"s":"BTCUSD_211231","ps":"BTCUSD","U":167006085669,"u":167006085929,"pu":167006085632,"b":[["30531.7","0"]],"a":[["32636.8","153"],["32642.0","0"]]}}
1626916408.6076648: {"stream":"bchusd_perp@depth@100ms","data":{"e":"depthUpdate","E":1626916404089,"T":1626916404069,"s":"BCHUSD_PERP","ps":"BCHUSD","U":167006085703,"u":167006086306,"pu":167006085628,"b":[["385.11","1"],["426.47","0"],["427.49","764"]],"a":[["427.85","280"],["427.86","0"],["427.87","0"],["427.90","0"],["427.91","24"],["427.96","100"],["427.99","1"],["428.00","300"],["428.02","50"],["428.06","100"],["428.09","1717"],["428.10","427"],["428.18","200"],["428.21","0"],["428.31","0"],["429.28","264"],["429.36","0"]]}}
1626916408.60768: {"stream":"ethusd_210924@bookTicker","data":{"u":167006086401,"e":"bookTicker","s":"ETHUSD_210924","ps":"ETHUSD","b":"1992.17","B":"65","a":"1992.18","A":"2209","T":1626916404084,"E":1626916404090}}
1626916408.6076958: {"stream":"bchusd_perp@bookTicker","data":{"u":167006086436,"e":"bookTicker","s":"BCHUSD_PERP","ps":"BCHUSD","b":"427.82","B":"150","a":"427.85","A":"150","T":1626916404091,"E":1626916404095}}
1626916408.60771: {"stream":"linkusd_perp@depth@100ms","data":{"e":"depthUpdate","E":1626916404098,"T":1626916404059,"s":"LINKUSD_PERP","ps":"LINKUSD","U":167006085735,"u":167006086226,"pu":167006085586,"b":[["14.988","12710"],["15.066","0"],["15.067","210"]],"a":[["15.109","291"]]}}
1626916408.6077209: {"stream":"ethusd_210924@bookTicker","data":{"u":167006086483,"e":"bookTicker","s":"ETHUSD_210924","ps":"ETHUSD","b":"1992.17","B":"65","a":"1992.18","A":"2569","T":1626916404097,"E":1626916404103}}
1626916408.607736: {"stream":"trxusd_perp@depth@100ms","data":{"e":"depthUpdate","E":1626916404104,"T":1626916404002,"s":"TRXUSD_PERP","ps":"TRXUSD","U":167006085784,"u":167006085792,"pu":167006085581,"b":[],"a":[["0.05349","333"],["0.05350","2026"],["0.05351","2025"],["0.05352","569"]]}}
1626916408.607747: {"stream":"bchusd_perp@bookTicker","data":{"u":167006086498,"e":"bookTicker","s":"BCHUSD_PERP","ps":"BCHUSD","b":"427.84","B":"24","a":"427.85","A":"150","T":1626916404101,"E":1626916404104}}
1626916408.607761: {"stream":"bchusd_perp@bookTicker","data":{"u":167006086548,"e":"bookTicker","s":"BCHUSD_PERP","ps":"BCHUSD","b":"427.82","B":"150","a":"427.85","A":"150","T":1626916404109,"E":1626916404114}}
1626916408.607775: {"stream":"eosusd_perp@depth@100ms","data":{"e":"depthUpdate","E":1626916404117,"T":1626916404035,"s":"EOSUSD_PERP","ps":"EOSUSD","U":167006085835,"u":167006086011,"pu":167006084601,"b":[["3.467","1380"],["3.468","0"]],"a":[]}}
1626916409.220139: {"stream":"bchusd_210924@depth@100ms","data":{"e":"depthUpdate","E":1626916404122,"T":1626916404064,"s":"BCHUSD_210924","ps":"BCHUSD","U":167006085893,"u":167006086266,"pu":167006085646,"b":[["428.78","1108"],["429.10","0"],["429.23","40"]],"a":[]}}
1626916409.2201548: {"stream":"linkusd_211231@depth@100ms","data":{"e":"depthUpdate","E":1626916404123,"T":1626916404017,"s":"LINKUSD_211231","ps":"LINKUSD","U":167006085892,"u":167006085892,"pu":167006085668,"b":[],"a":[["15.377","9"]]}}
1626916409.220163: {"stream":"etcusd_perp@depth@100ms","data":{"e":"depthUpdate","E":1626916404136,"T":1626916404101,"s":"ETCUSD_PERP","ps":"ETCUSD","U":167006085992,"u":167006086501,"pu":167006085976,"b":[["41.983","2000"],["42.184","70"],["42.196","145"],["42.206","0"],["42.254","90"],["42.255","0"],["42.260","22"],["42.264","0"],["42.267","1114"]],"a":[["42.289","100"],["42.290","410"],["42.291","0"],["42.293","0"],["42.303","90"],["42.312","0"],["42.325","22"],["42.330","1108"],["42.333","350"],["42.341","674"],["42.344","56"],["42.354","690"],["42.386","170"],["42.396","70"],["42.485","336"],["42.496","0"]]}}
1626916409.2201731: {"stream":"ethusd_210924@depth@100ms","data":{"e":"depthUpdate","E":1626916404142,"T":1626916404135,"s":"ETHUSD_210924","ps":"ETHUSD","U":167006086007,"u":167006086674,"pu":167006085979,"b":[["1985.78","0"],["1986.97","627"],["1987.37","1501"],["1988.10","0"],["1988.14","0"],["1988.18","414"],["1988.20","80"],["1988.71","290"],["1988.94","1221"],["1989.00","425"],["1989.12","363"],["1989.38","0"],["1989.67","2846"],["1989.86","0"],["1989.97","0"],["1989.99","0"],["1990.22","0"],["1990.54","400"],["1991.50","0"],["1991.52","0"],["1991.53","0"],["1991.73","0"],["1991.76","0"],["1991.77","270"],["1991.78","360"],["1991.79","220"]],"a":[["1992.18","2569"],["1992.37","0"],["1992.40","0"],["1993.15","405"],["1993.22","1423"],["1993.55","0"],["1993.57","2389"],["1993.74","0"],["1993.80","0"],["1993.81","0"],["1993.93","0"],["1994.25","249"],["1994.40","121"],["1998.00","0"]]}}
1626916409.220185: {"stream":"bchusd_perp@bookTicker","data":{"u":167006086843,"e":"bookTicker","s":"BCHUSD_PERP","ps":"BCHUSD","b":"427.84","B":"24","a":"427.85","A":"150","T":1626916404158,"E":1626916404161}}
1626916409.220204: {"stream":"bchusd_perp@bookTicker","data":{"u":167006086909,"e":"bookTicker","s":"BCHUSD_PERP","ps":"BCHUSD","b":"427.82","B":"150","a":"427.85","A":"150","T":1626916404166,"E":1626916404172}}
1626916409.2202141: {"stream":"xrpusd_perp@depth@100ms","data":{"e":"depthUpdate","E":1626916404181,"T":1626916404174,"s":"XRPUSD_PERP","ps":"XRPUSD","U":167006086345,"u":167006086964,"pu":167006086286,"b":[["0.5650","6579"],["0.5651","23381"],["0.5656","1805"],["0.5658","10039"],["0.5662","5499"],["0.5663","9069"]],"a":[["0.5666","0"],["0.5669","2044"],["0.5670","5001"],["0.5672","4447"],["0.5675","10443"],["0.5676","31421"]]}}
1626916409.220222: {"stream":"bchusd_perp@depth@100ms","data":{"e":"depthUpdate","E":1626916404190,"T":1626916404167,"s":"BCHUSD_PERP","ps":"BCHUSD","U":167006086397,"u":167006086920,"pu":167006086306,"b":[["426.39","264"],["427.20","0"],["427.61","317"],["427.75","258"],["427.84","0"]],"a":[["427.85","150"],["427.87","0"],["427.88","0"],["427.90","130"],["427.91","124"],["427.96","0"],["428.00","0"],["428.05","300"],["428.09","1717"],["428.11","200"],["428.18","0"],["428.20","44"],["428.21","1034"],["428.26","49"]]}}
1626916409.2202299: {"stream":"linkusd_211231@bookTicker","data":{"u":167006087096,"e":"bookTicker","s":"LINKUSD_211231","ps":"LINKUSD","b":"15.320","B":"94","a":"15.331","A":"150","T":1626916404198,"E":1626916404203}}
1626916409.2202399: {"stream":"btcusd_211231@depth@100ms","data":{"e":"depthUpdate","E":1626916404228,"T":1626916404158,"s":"BTCUSD_211231","ps":"BTCUSD","U":167006086612,"u":167006086847,"pu":167006085929,"b":[],"a":[["32636.8","153"],["32642.0","0"]]}}
1626916409.220246: {"stream":"linkusd_211231@depth@100ms","data":{"e":"depthUpdate","E":1626916404235,"T":1626916404206,"s":"LINKUSD_211231","ps":"LINKUSD","U":167006086641,"u":167006087146,"pu":167006085892,"b":[["13.800","0"],["15.314","0"]],"a":[["15.331","150"],["15.385","0"]]}}
1626916409.2202518: {"stream":"trxusd_perp@depth@100ms","data":{"e":"depthUpdate","E":1626916404238,"T":1626916404136,"s":"TRXUSD_PERP","ps":"TRXUSD","U":167006086691,"u":167006086696,"pu":167006085792,"b":[["0.05343","1216"],["0.05345","743"]],"a":[]}}
1626916409.220258: {"stream":"ethusd_210924@depth@100ms","data":{"e":"depthUpdate","E":1626916404245,"T":1626916404238,"s":"ETHUSD_210924","ps":"ETHUSD","U":167006086722,"u":167006087311,"pu":167006086674,"b":[["1987.40","904"],["1987.72","1000"],["1988.48","1000"],["1989.12","0"],["1989.53","0"],["1989.59","0"],["1989.73","0"],["1989.74","0"],["1990.00","375"],["1990.22","343"],["1990.61","623"],["1990.74","280"],["1990.88","259"],["1991.01","50"],["1991.50","270"],["1991.53","0"],["1991.54","127"],["1991.57","360"],["1991.77","0"],["1991.78","0"],["1991.79","0"],["1991.80","0"],["1991.81","0"]],"a":[["1993.27","60"],["1993.54","1137"],["1996.20","190"],["1996.63","1010"],["2032.76","0"]]}}
1626916409.220267: {"stream":"etcusd_perp@depth@100ms","data":{"e":"depthUpdate","E":1626916404249,"T":1626916404232,"s":"ETCUSD_PERP","ps":"ETCUSD","U":167006086740,"u":167006087280,"pu":167006086501,"b":[["41.937","560"],["41.950","0"],["41.983","0"],["42.098","336"],["42.108","0"],["42.184","215"],["42.195","0"],["42.231","86"],["42.236","81"],["42.241","15"],["42.244","0"],["42.250","39"],["42.252","452"],["42.254","90"],["42.259","0"],["42.260","0"],["42.264","0"]],"a":[["42.320","1783"],["42.323","22"],["42.332","662"],["42.339","659"],["42.341","71"],["42.350","17"],["42.390","3492"],["42.401","15"]]}}
1626916409.2202759: {"stream":"btcusd_211231@bookTicker","data":{"u":167006087341,"e":"bookTicker","s":"BTCUSD_211231","ps":"BTCUSD","b":"32634.0","B":"77","a":"32634.1","A":"16","T":1626916404244,"E":1626916404249}}
1626916409.220285: {"stream":"linkusd_perp@depth@100ms","data":{"e":"depthUpdate","E":1626916404251,"T":1626916404238,"s":"LINKUSD_PERP","ps":"LINKUSD","U":167006086753,"u":167006087313,"pu":167006086226,"b":[["14.978","687"],["15.057","2739"],["15.059","2485"]],"a":[["15.070","202"],["15.071","190"],["15.073","1629"],["15.074","3076"]]}}
1626916409.2202911: {"stream":"bchusd_210924@depth@100ms","data":{"e":"depthUpdate","E":1626916404284,"T":1626916404265,"s":"BCHUSD_210924","ps":"BCHUSD","U":167006086981,"u":167006087439,"pu":167006086266,"b":[["429.08","419"],["429.26","27"]],"a":[["429.73","120"],["429.83","0"]]}}
1626916409.2202969: {"stream":"btcusd_211231@bookTicker","data":{"u":167006087485,"e":"bookTicker","s":"BTCUSD_211231","ps":"BTCUSD","b":"32634.0","B":"77","a":"32634.1","A":"17","T":1626916404277,"E":1626916404284}}
1626916409.220305: {"stream":"bchusd_perp@depth@100ms","data":{"e":"depthUpdate","E":1626916404301,"T":1626916404288,"s":"BCHUSD_PERP","ps":"BCHUSD","U":167006087088,"u":167006087516,"pu":167006086920,"b":[["426.63","1226"],["427.68","0"],["427.69","0"],["427.70","0"],["427.75","228"],["427.76","130"]],"a":[["427.91","24"],["427.92","0"],["427.96","100"],["428.11","0"],["428.16","2985"],["428.48","0"]]}}
1626916409.220312: {"stream":"xrpusd_perp@depth@100ms","data":{"e":"depthUpdate","E":1626916404303,"T":1626916404292,"s":"XRPUSD_PERP","ps":"XRPUSD","U":167006087098,"u":167006087531,"pu":167006086964,"b":[["0.5649","2892"],["0.5652","1412"],["0.5656","4092"],["0.5662","5727"],["0.5663","7723"]],"a":[["0.5666","0"],["0.5684","591"],["0.5685","5052"]]}}
1626916409.2203178: {"stream":"btcusd_211231@depth@100ms","data":{"e":"depthUpdate","E":1626916404330,"T":1626916404277,"s":"BTCUSD_211231","ps":"BTCUSD","U":167006087244,"u":167006087485,"pu":167006086847,"b":[["30512.8","304"],["32513.1","3062"],["32516.8","0"]],"a":[["32634.1","17"],["32636.8","153"],["32642.0","0"],["32663.3","0"]]}}
1626916409.220324: {"stream":"bchusd_perp@bookTicker","data":{"u":167006087707,"e":"bookTicker","s":"BCHUSD_PERP","ps":"BCHUSD","b":"427.84","B":"24","a":"427.85","A":"150","T":1626916404335,"E":1626916404342}}
1626916409.2203321: {"stream":"ethusd_210924@depth@100ms","data":{"e":"depthUpdate","E":1626916404346,"T":1626916404333,"s":"ETHUSD_210924","ps":"ETHUSD","U":167006087318,"u":167006087694,"pu":167006087311,"b":[["1987.40","120"],["1989.58","100"],["1990.03","0"],["1991.54","0"],["1991.57","0"],["1991.58","0"],["1991.61","0"],["1991.62","127"],["1991.65","360"],["1991.81","0"]],"a":[["2019.53","0"]]}}
1626916409.220339: {"stream":"linkusd_211231@depth@100ms","data":{"e":"depthUpdate","E":1626916404348,"T":1626916404247,"s":"LINKUSD_211231","ps":"LINKUSD","U":167006087339,"u":167006087349,"pu":167006087146,"b":[],"a":[["15.334","55"],["15.377","29"]]}}
1626916409.220345: {"stream":"bchusd_perp@bookTicker","data":{"u":167006087763,"e":"bookTicker","s":"BCHUSD_PERP","ps":"BCHUSD","b":"427.82","B":"150","a":"427.85","A":"150","T":1626916404347,"E":1626916404352}}
1626916409.2203531: {"stream":"bchusd_perp@bookTicker","data":{"u":167006087775,"e":"bookTicker","s":"BCHUSD_PERP","ps":"BCHUSD","b":"427.84","B":"19","a":"427.85","A":"150","T":1626916404349,"E":1626916404354}}
1626916409.22036: {"stream":"ethusd_210924@bookTicker","data":{"u":167006087770,"e":"bookTicker","s":"ETHUSD_210924","ps":"ETHUSD","b":"1992.17","B":"65","a":"1992.18","A":"4368","T":1626916404348,"E":1626916404354}}
1626916409.220368: {"stream":"linkusd_211231@bookTicker","data":{"u":167006087802,"e":"bookTicker","s":"LINKUSD_211231","ps":"LINKUSD","b":"15.320","B":"94","a":"15.326","A":"40","T":1626916404354,"E":1626916404358}}
1626916409.220376: {"stream":"etcusd_perp@depth@100ms","data":{"e":"depthUpdate","E":1626916404363,"T":1626916404339,"s":"ETCUSD_PERP","ps":"ETCUSD","U":167006087402,"u":167006087721,"pu":167006087280,"b":[["41.983","0"],["42.254","90"],["42.264","0"]],"a":[]}}
1626916409.220383: {"stream":"bchusd_perp@bookTicker","data":{"u":167006087819,"e":"bookTicker","s":"BCHUSD_PERP","ps":"BCHUSD","b":"427.82","B":"150","a":"427.85","A":"150","T":1626916404357,"E":1626916404363}}
1626916409.2203898: {"stream":"bchusd_perp@bookTicker","data":{"u":167006087848,"e":"bookTicker","s":"BCHUSD_PERP","ps":"BCHUSD","b":"427.82","B":"150","a":"427.90","A":"130","T":1626916404359,"E":1626916404365}}
1626916409.2203982: {"stream":"bchusd_perp@bookTicker","data":{"u":167006088021,"e":"bookTicker","s":"BCHUSD_PERP","ps":"BCHUSD","b":"427.82","B":"150","a":"427.91","A":"24","T":1626916404373,"E":1626916404378}}
1626916409.220405: {"stream":"bchusd_perp@bookTicker","data":{"u":167006088055,"e":"bookTicker","s":"BCHUSD_PERP","ps":"BCHUSD","b":"427.84","B":"24","a":"427.91","A":"24","T":1626916404377,"E":1626916404380}}
1626916409.220413: {"stream":"linkusd_perp@depth@100ms","data":{"e":"depthUpdate","E":1626916404379,"T":1626916404373,"s":"LINKUSD_PERP","ps":"LINKUSD","U":167006087462,"u":167006088025,"pu":167006087313,"b":[["15.057","2739"],["15.059","2485"]],"a":[["15.070","100"],["15.076","279"],["15.077","704"],["15.079","2956"],["15.080","1179"]]}}
1626916409.2204192: {"stream":"bchusd_perp@bookTicker","data":{"u":167006088095,"e":"bookTicker","s":"BCHUSD_PERP","ps":"BCHUSD","b":"427.82","B":"150","a":"427.91","A":"24","T":1626916404385,"E":1626916404388}}
1626916409.220427: {"stream":"bchusd_210924@depth@100ms","data":{"e":"depthUpdate","E":1626916404388,"T":1626916404365,"s":"BCHUSD_210924","ps":"BCHUSD","U":167006087513,"u":167006087945,"pu":167006087439,"b":[],"a":[["429.65","0"],["429.66","107"],["429.68","0"],["429.86","0"],["429.92","0"],["429.97","374"],["430.31","0"],["431.16","0"]]}}
1626916409.220433: {"stream":"bchusd_210924@bookTicker","data":{"u":167006088096,"e":"bookTicker","s":"BCHUSD_210924","ps":"BCHUSD","b":"429.35","B":"200","a":"429.47","A":"40","T":1626916404385,"E":1626916404388}}
1626916409.220441: {"stream":"bchusd_perp@depth@100ms","data":{"e":"depthUpdate","E":1626916404412,"T":1626916404385,"s":"BCHUSD_PERP","ps":"BCHUSD","U":167006087589,"u":167006088095,"pu":167006087516,"b":[["427.84","0"]],"a":[["427.85","0"],["427.90","0"],["427.95","280"],["427.97","0"],["428.09","0"],["428.10","627"],["428.31","252"],["428.41","0"],["428.52","725"],["428.83","0"]]}}
1626916409.220448: {"stream":"bchusd_perp@bookTicker","data":{"u":167006088246,"e":"bookTicker","s":"BCHUSD_PERP","ps":"BCHUSD","b":"427.83","B":"642","a":"427.91","A":"24","T":1626916404411,"E":1626916404416}}
1626916409.220455: {"stream":"xrpusd_perp@depth@100ms","data":{"e":"depthUpdate","E":1626916404420,"T":1626916404407,"s":"XRPUSD_PERP","ps":"XRPUSD","U":167006087621,"u":167006088222,"pu":167006087531,"b":[],"a":[["0.5666","0"]]}}
1626916409.2204611: {"stream":"bchusd_210924@bookTicker","data":{"u":167006088253,"e":"bookTicker","s":"BCHUSD_210924","ps":"BCHUSD","b":"429.35","B":"200","a":"429.46","A":"40","T":1626916404413,"E":1626916404418}}
1626916409.220468: {"stream":"bchusd_perp@bookTicker","data":{"u":167006088276,"e":"bookTicker","s":"BCHUSD_PERP","ps":"BCHUSD","b":"427.84","B":"24","a":"427.91","A":"24","T":1626916404418,"E":1626916404422}}
1626916409.220476: {"stream":"bchusd_perp@bookTicker","data":{"u":167006088299,"e":"bookTicker","s":"BCHUSD_PERP","ps":"BCHUSD","b":"427.85","B":"24","a":"427.91","A":"24","T":1626916404420,"E":1626916404426}}
1626916409.220483: {"stream":"ethusd_210924@bookTicker","data":{"u":167006088304,"e":"bookTicker","s":"ETHUSD_210924","ps":"ETHUSD","b":"1992.17","B":"65","a":"1992.18","A":"4638","T":1626916404420,"E":1626916404426}}
1626916409.220491: {"stream":"bchusd_perp@bookTicker","data":{"u":167006088360,"e":"bookTicker","s":"BCHUSD_PERP","ps":"BCHUSD","b":"427.83","B":"642","a":"427.91","A":"24","T":1626916404429,"E":1626916404433}}
1626916409.220499: {"stream":"bchusd_perp@bookTicker","data":{"u":167006088414,"e":"bookTicker","s":"BCHUSD_PERP","ps":"BCHUSD","b":"427.86","B":"444","a":"427.91","A":"24","T":1626916404433,"E":1626916404438}}
1626916409.220507: {"stream":"btcusd_211231@depth@100ms","data":{"e":"depthUpdate","E":1626916404445,"T":1626916404430,"s":"BTCUSD_211231","ps":"BTCUSD","U":167006087726,"u":167006088383,"pu":167006087485,"b":[["32615.0","0"],["32617.2","12"]],"a":[["32636.8","0"],["32641.0","143"],["32641.1","46"],["32642.0","153"]]}}
1626916409.220513: {"stream":"bchusd_perp@bookTicker","data":{"u":167006088508,"e":"bookTicker","s":"BCHUSD_PERP","ps":"BCHUSD","b":"427.88","B":"150","a":"427.91","A":"24","T":1626916404450,"E":1626916404452}}
1626916409.220521: {"stream":"ethusd_210924@depth@100ms","data":{"e":"depthUpdate","E":1626916404454,"T":1626916404433,"s":"ETHUSD_210924","ps":"ETHUSD","U":167006087770,"u":167006088417,"pu":167006087694,"b":[["1985.96","0"],["1987.53","0"],["1988.34","779"],["1989.67","4269"],["1990.20","3600"],["1991.62","0"],["1991.65","0"],["1991.66","0"],["1991.69","0"],["1991.70","0"],["1991.72","360"],["1991.73","127"]],"a":[["1992.18","4638"],["1992.34","0"],["1992.64","0"],["1992.66","0"],["1994.56","0"],["2031.26","2536"]]}}
1626916409.2205288: {"stream":"linkusd_211231@depth@100ms","data":{"e":"depthUpdate","E":1626916404458,"T":1626916404386,"s":"LINKUSD_211231","ps":"LINKUSD","U":167006087802,"u":167006088100,"pu":167006087349,"b":[],"a":[["15.326","40"],["15.331","50"],["15.335","0"]]}}
1626916409.220535: {"stream":"bchusd_210924@bookTicker","data":{"u":167006088531,"e":"bookTicker","s":"BCHUSD_210924","ps":"BCHUSD","b":"429.35","B":"200","a":"429.47","A":"40","T":1626916404456,"E":1626916404460}}
1626916409.220543: {"stream":"bchusd_210924@bookTicker","data":{"u":167006088556,"e":"bookTicker","s":"BCHUSD_210924","ps":"BCHUSD","b":"429.35","B":"200","a":"429.65","A":"40","T":1626916404460,"E":1626916404465}}
1626916409.2205498: {"stream":"etcusd_perp@depth@100ms","data":{"e":"depthUpdate","E":1626916404467,"T":1626916404431,"s":"ETCUSD_PERP","ps":"ETCUSD","U":167006087862,"u":167006088387,"pu":167006087721,"b":[["39.544","0"],["41.983","2000"],["42.254","0"],["42.264","90"]],"a":[["42.321","1097"],["42.339","0"],["42.480","200"]]}}
1626916409.220556: {"stream":"bchusd_210924@bookTicker","data":{"u":167006088586,"e":"bookTicker","s":"BCHUSD_210924","ps":"BCHUSD","b":"429.35","B":"200","a":"429.46","A":"40","T":1626916404462,"E":1626916404469}}
1626916409.220564: {"stream":"bchusd_perp@bookTicker","data":{"u":167006088606,"e":"bookTicker","s":"BCHUSD_PERP","ps":"BCHUSD","b":"427.89","B":"19","a":"427.91","A":"24","T":1626916404469,"E":1626916404474}}
1626916409.220572: {"stream":"bchusd_210924@bookTicker","data":{"u":167006088609,"e":"bookTicker","s":"BCHUSD_210924","ps":"BCHUSD","b":"429.35","B":"200","a":"429.67","A":"150","T":1626916404469,"E":1626916404474}}
1626916409.2205791: {"stream":"bchusd_210924@bookTicker","data":{"u":167006088612,"e":"bookTicker","s":"BCHUSD_210924","ps":"BCHUSD","b":"429.35","B":"200","a":"429.65","A":"40","T":1626916404469,"E":1626916404474}}
1626916409.220587: {"stream":"xrpusd_perp@bookTicker","data":{"u":167006088647,"e":"bookTicker","s":"XRPUSD_PERP","ps":"XRPUSD","b":"0.5666","B":"566","a":"0.5667","A":"7128","T":1626916404474,"E":1626916404480}}
1626916409.220594: {"stream":"bchusd_210924@bookTicker","data":{"u":167006088678,"e":"bookTicker","s":"BCHUSD_210924","ps":"BCHUSD","b":"429.35","B":"200","a":"429.67","A":"150","T":1626916404481,"E":1626916404486}}
1626916409.220602: {"stream":"bchusd_210924@bookTicker","data":{"u":167006088679,"e":"bookTicker","s":"BCHUSD_210924","ps":"BCHUSD","b":"429.35","B":"200","a":"429.66","A":"40","T":1626916404481,"E":1626916404486}}
1626916409.220609: {"stream":"bchusd_210924@depth@100ms","data":{"e":"depthUpdate","E":1626916404488,"T":1626916404481,"s":"BCHUSD_210924","ps":"BCHUSD","U":167006088096,"u":167006088679,"pu":167006087945,"b":[["428.76","6736"]],"a":[["429.46","0"],["429.47","0"],["429.64","0"],["429.65","0"],["429.66","40"],["429.73","0"],["429.83","121"],["429.98","2572"],["430.13","113"]]}}
1626916409.2206159: {"stream":"bchusd_perp@bookTicker","data":{"u":167006088711,"e":"bookTicker","s":"BCHUSD_PERP","ps":"BCHUSD","b":"427.88","B":"150","a":"427.91","A":"24","T":1626916404486,"E":1626916404492}}
1626916409.220624: {"stream":"bchusd_210924@bookTicker","data":{"u":167006088729,"e":"bookTicker","s":"BCHUSD_210924","ps":"BCHUSD","b":"429.35","B":"200","a":"429.61","A":"124","T":1626916404490,"E":1626916404496}}
1626916409.220632: {"stream":"xrpusd_perp@bookTicker","data":{"u":167006088739,"e":"bookTicker","s":"XRPUSD_PERP","ps":"XRPUSD","b":"0.5666","B":"566","a":"0.5667","A":"7158","T":1626916404495,"E":1626916404500}}
1626916409.220639: {"stream":"bchusd_perp@bookTicker","data":{"u":167006088749,"e":"bookTicker","s":"BCHUSD_PERP","ps":"BCHUSD","b":"427.90","B":"19","a":"427.91","A":"24","T":1626916404498,"E":1626916404503}}
1626916409.2206469: {"stream":"bchusd_perp@bookTicker","data":{"u":167006088750,"e":"bookTicker","s":"BCHUSD_PERP","ps":"BCHUSD","b":"427.90","B":"43","a":"427.91","A":"24","T":1626916404498,"E":1626916404503}}
1626916409.2206552: {"stream":"bchusd_210924@bookTicker","data":{"u":167006088792,"e":"bookTicker","s":"BCHUSD_210924","ps":"BCHUSD","b":"429.35","B":"200","a":"429.60","A":"40","T":1626916404503,"E":1626916404507}}
1626916409.220662: {"stream":"bchusd_perp@bookTicker","data":{"u":167006088786,"e":"bookTicker","s":"BCHUSD_PERP","ps":"BCHUSD","b":"427.90","B":"19","a":"427.91","A":"24","T":1626916404502,"E":1626916404508}}
1626916409.22067: {"stream":"bchusd_perp@depth@100ms","data":{"e":"depthUpdate","E":1626916404514,"T":1626916404502,"s":"BCHUSD_PERP","ps":"BCHUSD","U":167006088239,"u":167006088786,"pu":167006088095,"b":[["427.46","0"],["427.61","17"],["427.67","1196"],["427.68","106"],["427.82","0"],["427.83","642"],["427.84","0"],["427.85","150"],["427.86","444"],["427.88","150"],["427.89","0"],["427.90","19"]],"a":[["427.96","0"],["428.01","3214"],["428.06","0"],["428.11","0"],["428.16","2785"],["428.19","776"],["428.21","200"],["428.31","2258"],["429.03","366"]]}}
1626916409.2206779: {"stream":"bchusd_perp@bookTicker","data":{"u":167006088858,"e":"bookTicker","s":"BCHUSD_PERP","ps":"BCHUSD","b":"427.90","B":"169","a":"427.91","A":"24","T":1626916404514,"E":1626916404519}}
1626916409.220685: {"stream":"etcusd_perp@bookTicker","data":{"u":167006088906,"e":"bookTicker","s":"ETCUSD_PERP","ps":"ETCUSD","b":"42.272","B":"278","a":"42.288","A":"301","T":1626916404522,"E":1626916404527}}
1626916409.2206929: {"stream":"xrpusd_perp@depth@100ms","data":{"e":"depthUpdate","E":1626916404537,"T":1626916404517,"s":"XRPUSD_PERP","ps":"XRPUSD","U":167006088407,"u":167006088879,"pu":167006088222,"b":[["0.5660","12682"]],"a":[["0.5666","0"],["0.5667","7158"],["0.5670","5453"]]}}
1626916409.2206988: {"stream":"bchusd_perp@bookTicker","data":{"u":167006089000,"e":"bookTicker","s":"BCHUSD_PERP","ps":"BCHUSD","b":"427.90","B":"193","a":"427.91","A":"24","T":1626916404541,"E":1626916404546}}
1626916409.220706: {"stream":"bchusd_perp@bookTicker","data":{"u":167006089043,"e":"bookTicker","s":"BCHUSD_PERP","ps":"BCHUSD","b":"427.90","B":"169","a":"427.91","A":"24","T":1626916404548,"E":1626916404552}}
1626916409.220714: {"stream":"bchusd_210924@bookTicker","data":{"u":167006089036,"e":"bookTicker","s":"BCHUSD_210924","ps":"BCHUSD","b":"429.35","B":"200","a":"429.67","A":"150","T":1626916404546,"E":1626916404551}}
1626916409.220721: {"stream":"btcusd_211231@depth@100ms","data":{"e":"depthUpdate","E":1626916404556,"T":1626916404476,"s":"BTCUSD_211231","ps":"BTCUSD","U":167006088522,"u":167006088659,"pu":167006088383,"b":[["31884.9","0"]],"a":[["32636.8","153"],["32640.9","0"],["32641.0","0"],["32642.0","0"]]}}
1626916409.220727: {"stream":"ethusd_210924@depth@100ms","data":{"e":"depthUpdate","E":1626916404556,"T":1626916404549,"s":"ETHUSD_210924","ps":"ETHUSD","U":167006088513,"u":167006089047,"pu":167006088417,"b":[["1985.77","0"],["1986.65","0"],["1986.97","0"],["1986.99","0"],["1987.22","2270"],["1987.29","0"],["1987.37","1000"],["1988.23","5654"],["1989.01","667"],["1989.16","343"],["1989.23","322"],["1989.36","280"],["1989.37","6285"],["1990.00","12"],["1990.08","259"],["1990.22","0"],["1990.54","0"],["1990.61","0"],["1990.74","0"],["1990.75","314"],["1990.82","0"],["1990.88","0"],["1990.89","0"],["1991.29","0"],["1991.47","0"],["1991.49","373"],["1991.50","0"],["1991.53","0"],["1991.54","0"],["1991.57","360"],["1991.58","126"],["1991.72","0"],["1991.73","0"],["1991.74","270"],["1991.75","96"]],"a":[["1993.94","314"],["1994.14","0"],["2020.97","2522"]]}}
1626916409.220737: {"stream":"etcusd_perp@depth@100ms","data":{"e":"depthUpdate","E":1626916404580,"T":1626916404573,"s":"ETCUSD_PERP","ps":"ETCUSD","U":167006088648,"u":167006089176,"pu":167006088387,"b":[["41.983","2000"]],"a":[["42.288","301"],["42.321","438"],["42.329","660"],["42.334","0"],["42.367","70"]]}}
1626916409.220743: {"stream":"linkusd_perp@depth@100ms","data":{"e":"depthUpdate","E":1626916404582,"T":1626916404569,"s":"LINKUSD_PERP","ps":"LINKUSD","U":167006088662,"u":167006089153,"pu":167006088025,"b":[["15.062","110"],["15.066","155"],["15.067","0"]],"a":[]}}
1626916409.220748: {"stream":"ethusd_210924@bookTicker","data":{"u":167006089229,"e":"bookTicker","s":"ETHUSD_210924","ps":"ETHUSD","b":"1992.17","B":"65","a":"1992.18","A":"4368","T":1626916404587,"E":1626916404591}}
1626916409.220756: {"stream":"bchusd_210924@depth@100ms","data":{"e":"depthUpdate","E":1626916404596,"T":1626916404589,"s":"BCHUSD_210924","ps":"BCHUSD","U":167006088729,"u":167006089249,"pu":167006088679,"b":[],"a":[["429.60","0"],["429.61","0"],["429.66","0"],["429.69","40"],["429.76","47"],["429.82","0"],["429.97","12"],["430.13","0"],["430.27","1069"],["430.30","186"],["430.96","1401"]]}}
1626916409.220763: {"stream":"bchusd_perp@depth@100ms","data":{"e":"depthUpdate","E":1626916404615,"T":1626916404601,"s":"BCHUSD_PERP","ps":"BCHUSD","U":167006088829,"u":167006089315,"pu":167006088786,"b":[["425.60","507"],["427.42","0"],["427.45","32"],["427.52","4869"],["427.67","1196"],["427.69","130"],["427.75","128"],["427.77","100"],["427.84","0"],["427.85","0"],["427.88","0"],["427.89","515"],["427.90","169"]],"a":[["427.95","150"],["427.97","130"],["428.01","3114"],["428.04","0"],["428.09","0"],["428.10","27"],["428.16","2885"],["428.20","0"],["428.22","200"],["428.25","144"],["428.27","44"],["428.31","0"],["428.37","257"],["428.40","263"],["428.47","0"],["428.52","353"],["428.77","5919"]]}}
1626916409.220831: {"stream":"bchusd_210924@bookTicker","data":{"u":167006089351,"e":"bookTicker","s":"BCHUSD_210924","ps":"BCHUSD","b":"429.35","B":"200","a":"429.66","A":"40","T":1626916404613,"E":1626916404618}}
1626916409.220842: {"stream":"xrpusd_perp@depth@100ms","data":{"e":"depthUpdate","E":1626916404646,"T":1626916404640,"s":"XRPUSD_PERP","ps":"XRPUSD","U":167006088997,"u":167006089487,"pu":167006088879,"b":[],"a":[["0.5666","0"],["0.5668","7321"]]}}
1626916409.220848: {"stream":"ethusd_210924@bookTicker","data":{"u":167006089528,"e":"bookTicker","s":"ETHUSD_210924","ps":"ETHUSD","b":"1992.17","B":"65","a":"1992.18","A":"3968","T":1626916404647,"E":1626916404650}}
1626916409.220856: {"stream":"btcusd_211231@depth@100ms","data":{"e":"depthUpdate","E":1626916404656,"T":1626916404648,"s":"BTCUSD_211231","ps":"BTCUSD","U":167006089065,"u":167006089535,"pu":167006088659,"b":[["32513.1","0"],["32516.8","2856"]],"a":[["32636.8","153"],["32640.9","0"]]}}
1626916409.220862: {"stream":"ethusd_210924@depth@100ms","data":{"e":"depthUpdate","E":1626916404658,"T":1626916404654,"s":"ETHUSD_210924","ps":"ETHUSD","U":167006089069,"u":167006089556,"pu":167006089047,"b":[["1985.77","2817"],["1986.05","0"],["1987.22","0"],["1987.69","627"],["1987.79","501"],["1987.80","2892"],["1987.89","533"],["1988.36","470"],["1989.01","304"],["1989.14","0"],["1989.16","0"],["1989.23","0"],["1989.36","0"],["1989.37","5984"],["1989.67","2846"],["1989.81","1170"],["1989.89","363"],["1990.04","343"],["1990.05","3756"],["1990.08","0"],["1990.11","322"],["1990.24","0"],["1990.25","301"],["1990.54","400"],["1990.88","259"],["1991.57","0"],["1991.58","0"],["1991.61","0"],["1991.62","0"],["1991.75","360"],["1991.76","222"]],"a":[["1992.18","3968"],["1992.43","270"],["1992.51","1243"],["1992.52","3550"],["1993.57","1989"],["1994.34","5733"],["1999.28","0"]]}}
1626916409.220872: {"stream":"linkusd_perp@bookTicker","data":{"u":167006089598,"e":"bookTicker","s":"LINKUSD_PERP","ps":"LINKUSD","b":"15.068","B":"267","a":"15.069","A":"190","T":1626916404656,"E":1626916404662}}
1626916409.220881: {"stream":"trxusd_perp@depth@100ms","data":{"e":"depthUpdate","E":1626916404661,"T":1626916404647,"s":"TRXUSD_PERP","ps":"TRXUSD","U":167006089078,"u":167006089533,"pu":167006086696,"b":[],"a":[["0.05350","1926"],["0.05351","2125"],["0.05352","769"]]}}
1626916409.220886: {"stream":"ethusd_210924@bookTicker","data":{"u":167006089669,"e":"bookTicker","s":"ETHUSD_210924","ps":"ETHUSD","b":"1992.17","B":"65","a":"1992.18","A":"4218","T":1626916404671,"E":1626916404676}}
1626916409.2208939: {"stream":"xrpusd_perp@bookTicker","data":{"u":167006089665,"e":"bookTicker","s":"XRPUSD_PERP","ps":"XRPUSD","b":"0.5666","B":"566","a":"0.5667","A":"8158","T":1626916404671,"E":1626916404676}}
1626916409.220902: {"stream":"etcusd_perp@depth@100ms","data":{"e":"depthUpdate","E":1626916404683,"T":1626916404675,"s":"ETCUSD_PERP","ps":"ETCUSD","U":167006089198,"u":167006089678,"pu":167006089176,"b":[["41.983","2000"]],"a":[["42.353","0"],["42.358","200"],["42.505","336"],["42.518","0"]]}}
1626916409.220908: {"stream":"linkusd_perp@bookTicker","data":{"u":167006089724,"e":"bookTicker","s":"LINKUSD_PERP","ps":"LINKUSD","b":"15.068","B":"77","a":"15.069","A":"190","T":1626916404683,"E":1626916404688}}
1626916409.220916: {"stream":"linkusd_perp@depth@100ms","data":{"e":"depthUpdate","E":1626916404698,"T":1626916404690,"s":"LINKUSD_PERP","ps":"LINKUSD","U":167006089260,"u":167006089767,"pu":167006089153,"b":[["15.045","515"],["15.062","110"],["15.066","155"],["15.068","77"]],"a":[]}}
1626916409.220921: {"stream":"linkusd_211231@depth@100ms","data":{"e":"depthUpdate","E":1626916404707,"T":1626916404600,"s":"LINKUSD_211231","ps":"LINKUSD","U":167006089312,"u":167006089312,"pu":167006088100,"b":[],"a":[["15.331","0"]]}}
1626916409.220927: {"stream":"bchusd_210924@depth@100ms","data":{"e":"depthUpdate","E":1626916404716,"T":1626916404703,"s":"BCHUSD_210924","ps":"BCHUSD","U":167006089349,"u":167006089829,"pu":167006089249,"b":[],"a":[["429.66","40"],["429.69","0"],["429.70","2638"],["429.76","27"],["429.83","0"],["429.93","0"],["430.13","0"],["430.27","1049"],["430.37","121"]]}}
1626916409.2209332: {"stream":"bchusd_perp@depth@100ms","data":{"e":"depthUpdate","E":1626916404721,"T":1626916404714,"s":"BCHUSD_PERP","ps":"BCHUSD","U":167006089385,"u":167006089882,"pu":167006089315,"b":[["426.39","0"],["426.49","1264"],["427.12","6095"],["427.13","0"],["427.15","84"],["427.22","465"],["427.29","0"],["427.30","4064"],["427.51","3034"],["427.52","1860"],["427.69","0"],["427.71","700"],["427.77","0"]],"a":[["428.00","894"],["428.15","100"],["428.16","2785"],["428.20","0"],["428.22","100"],["428.25","0"],["428.27","244"],["428.32","3215"],["428.50","6599"],["428.51","65"],["428.55","25"],["428.60","0"],["428.62","306"],["428.69","236"],["428.77","502"],["428.87","5417"],["429.28","0"],["429.38","264"]]}}
1626916409.221022: {"stream":"bchusd_210924@bookTicker","data":{"u":167006090016,"e":"bookTicker","s":"BCHUSD_210924","ps":"BCHUSD","b":"429.35","B":"200","a":"429.59","A":"20","T":1626916404747,"E":1626916404752}}
1626916409.2210329: {"stream":"bchusd_perp@bookTicker","data":{"u":167006090094,"e":"bookTicker","s":"BCHUSD_PERP","ps":"BCHUSD","b":"427.90","B":"169","a":"427.91","A":"174","T":1626916404756,"E":1626916404761}}
1626916409.221041: {"stream":"ethusd_210924@depth@100ms","data":{"e":"depthUpdate","E":1626916404762,"T":1626916404734,"s":"ETHUSD_210924","ps":"ETHUSD","U":167006089595,"u":167006089966,"pu":167006089556,"b":[["1987.58","784"],["1987.80","2702"],["1989.00","0"],["1989.78","425"],["1989.86","405"],["1990.04","0"],["1990.11","0"],["1990.25","0"],["1990.55","343"],["1990.61","322"],["1990.74","280"],["1990.76","301"]],"a":[["1992.18","4218"],["1993.56","2358"]]}}
1626916409.221049: {"stream":"bchusd_210924@bookTicker","data":{"u":167006090122,"e":"bookTicker","s":"BCHUSD_210924","ps":"BCHUSD","b":"429.35","B":"200","a":"429.58","A":"40","T":1626916404759,"E":1626916404763}}
1626916409.221057: {"stream":"xrpusd_perp@depth@100ms","data":{"e":"depthUpdate","E":1626916404768,"T":1626916404750,"s":"XRPUSD_PERP","ps":"XRPUSD","U":167006089622,"u":167006090029,"pu":167006089487,"b":[],"a":[["0.5666","0"],["0.5667","8158"],["0.5677","399"],["0.5680","1889"]]}}
1626916409.2210639: {"stream":"bchusd_perp@bookTicker","data":{"u":167006090261,"e":"bookTicker","s":"BCHUSD_PERP","ps":"BCHUSD","b":"427.90","B":"193","a":"427.91","A":"174","T":1626916404769,"E":1626916404774}}
1626916409.221071: {"stream":"btcusd_211231@depth@100ms","data":{"e":"depthUpdate","E":1626916404784,"T":1626916404775,"s":"BTCUSD_211231","ps":"BTCUSD","U":167006089697,"u":167006090304,"pu":167006089535,"b":[["31836.7","318"],["32598.9","0"]],"a":[["32648.4","0"],["32707.5","0"],["32719.5","385"]]}}
1626916409.221077: {"stream":"bchusd_210924@depth@100ms","data":{"e":"depthUpdate","E":1626916404819,"T":1626916404813,"s":"BCHUSD_210924","ps":"BCHUSD","U":167006089878,"u":167006090620,"pu":167006089829,"b":[["429.10","0"],["429.23","40"]],"a":[["429.58","40"],["429.59","20"],["429.66","0"],["429.70","2618"],["429.81","83"],["430.10","23"],["430.18","102"],["430.30","96"],["1335.84","0"]]}}
1626916409.2210839: {"stream":"bchusd_perp@depth@100ms","data":{"e":"depthUpdate","E":1626916404821,"T":1626916404783,"s":"BCHUSD_PERP","ps":"BCHUSD","U":167006089884,"u":167006090383,"pu":167006089882,"b":[["426.63","872"],["427.00","626"],["427.70","0"],["427.76","230"],["427.90","193"]],"a":[["427.91","174"],["428.09","100"],["428.15","0"],["428.22","300"],["428.27","44"]]}}
1626916409.221117: {"stream":"linkusd_211231@depth@100ms","data":{"e":"depthUpdate","E":1626916404823,"T":1626916404745,"s":"LINKUSD_211231","ps":"LINKUSD","U":167006089896,"u":167006089999,"pu":167006089312,"b":[],"a":[["15.331","658"],["15.528","0"],["15.603","0"],["15.679","0"],["15.754","0"],["15.829","0"]]}}
1626916409.2211251: {"stream":"linkusd_perp@depth@100ms","data":{"e":"depthUpdate","E":1626916404823,"T":1626916404788,"s":"LINKUSD_PERP","ps":"LINKUSD","U":167006089898,"u":167006090416,"pu":167006089767,"b":[["15.057","2839"],["15.059","2385"],["15.062","0"],["15.066","265"]],"a":[["15.073","5034"],["15.074","0"]]}}
1626916409.221131: {"stream":"trxusd_perp@depth@100ms","data":{"e":"depthUpdate","E":1626916404829,"T":1626916404748,"s":"TRXUSD_PERP","ps":"TRXUSD","U":167006089915,"u":167006090018,"pu":167006089533,"b":[],"a":[["0.05350","2126"],["0.05351","2125"],["0.05352","569"],["0.05379","180"]]}}
1626916409.2211368: {"stream":"etcusd_perp@depth@100ms","data":{"e":"depthUpdate","E":1626916404861,"T":1626916404854,"s":"ETCUSD_PERP","ps":"ETCUSD","U":167006090098,"u":167006091084,"pu":167006089678,"b":[["42.223","1310"],["42.228","200"],["42.247","1331"],["42.260","200"],["42.261","25"]],"a":[["42.293","266"],["42.298","90"],["42.299","200"],["42.303","0"],["42.319","0"],["42.343","23282"],["42.353","500"],["42.358","0"]]}}
1626916409.221144: {"stream":"xrpusd_perp@depth@100ms","data":{"e":"depthUpdate","E":1626916404872,"T":1626916404862,"s":"XRPUSD_PERP","ps":"XRPUSD","U":167006090216,"u":167006091159,"pu":167006090029,"b":[["0.5656","10998"],["0.5658","3133"]],"a":[["0.5666","0"],["0.5673","3499"],["0.5674","963"],["0.5678","6467"]]}}
1626916409.22115: {"stream":"etcusd_perp@bookTicker","data":{"u":167006091251,"e":"bookTicker","s":"ETCUSD_PERP","ps":"ETCUSD","b":"42.271","B":"437","a":"42.288","A":"301","T":1626916404871,"E":1626916404875}}
1626916409.2211578: {"stream":"etcusd_perp@bookTicker","data":{"u":167006091342,"e":"bookTicker","s":"ETCUSD_PERP","ps":"ETCUSD","b":"42.272","B":"192","a":"42.288","A":"301","T":1626916404878,"E":1626916404882}}
1626916409.2211661: {"stream":"eosusd_perp@depth@100ms","data":{"e":"depthUpdate","E":1626916404883,"T":1626916404849,"s":"EOSUSD_PERP","ps":"EOSUSD","U":167006090324,"u":167006091025,"pu":167006086011,"b":[["3.468","0"]],"a":[["3.470","3895"],["3.472","5358"]]}}
1626916409.221171: {"stream":"ethusd_210924@depth@100ms","data":{"e":"depthUpdate","E":1626916404883,"T":1626916404875,"s":"ETHUSD_210924","ps":"ETHUSD","U":167006090341,"u":167006091321,"pu":167006089966,"b":[["1987.58","0"],["1987.69","0"],["1987.79","0"],["1988.36","0"],["1989.03","12"],["1989.19","0"],["1989.25","0"],["1989.38","280"],["1989.40","0"],["1989.89","0"],["1990.10","0"],["1990.22","0"],["1990.54","0"],["1990.55","0"],["1990.61","0"],["1990.74","0"],["1990.76","0"],["1990.78","0"],["1990.88","259"],["1991.02","0"],["1991.29","0"],["1991.50","0"],["1991.52","0"],["1991.53","0"],["1991.56","0"],["1991.57","126"],["1991.60","360"],["1991.74","0"],["1991.75","0"],["1991.76","0"],["1991.77","270"]],"a":[]}}
1626916409.22118: {"stream":"etcusd_perp@bookTicker","data":{"u":167006091436,"e":"bookTicker","s":"ETCUSD_PERP","ps":"ETCUSD","b":"42.268","B":"422","a":"42.288","A":"301","T":1626916404888,"E":1626916404890}}
1626916409.221189: {"stream":"etcusd_perp@bookTicker","data":{"u":167006091492,"e":"bookTicker","s":"ETCUSD_PERP","ps":"ETCUSD","b":"42.272","B":"192","a":"42.288","A":"301","T":1626916404893,"E":1626916404899}}
1626916409.221196: {"stream":"etcusd_perp@bookTicker","data":{"u":167006091524,"e":"bookTicker","s":"ETCUSD_PERP","ps":"ETCUSD","b":"42.272","B":"192","a":"42.287","A":"100","T":1626916404898,"E":1626916404902}}
1626916409.221204: {"stream":"etcusd_perp@bookTicker","data":{"u":167006091558,"e":"bookTicker","s":"ETCUSD_PERP","ps":"ETCUSD","b":"42.268","B":"422","a":"42.287","A":"100","T":1626916404905,"E":1626916404908}}
1626916409.221211: {"stream":"btcusd_211231@depth@100ms","data":{"e":"depthUpdate","E":1626916404912,"T":1626916404807,"s":"BTCUSD_211231","ps":"BTCUSD","U":167006090536,"u":167006090536,"pu":167006090304,"b":[],"a":[["32649.4","148"]]}}
1626916409.221217: {"stream":"xrpusd_perp@bookTicker","data":{"u":167006091585,"e":"bookTicker","s":"XRPUSD_PERP","ps":"XRPUSD","b":"0.5666","B":"566","a":"0.5667","A":"7158","T":1626916404909,"E":1626916404912}}
1626916409.221225: {"stream":"etcusd_perp@bookTicker","data":{"u":167006091590,"e":"bookTicker","s":"ETCUSD_PERP","ps":"ETCUSD","b":"42.269","B":"272","a":"42.287","A":"100","T":1626916404910,"E":1626916404914}}
1626916409.2212322: {"stream":"etcusd_perp@bookTicker","data":{"u":167006091640,"e":"bookTicker","s":"ETCUSD_PERP","ps":"ETCUSD","b":"42.268","B":"422","a":"42.287","A":"100","T":1626916404915,"E":1626916404921}}
1626916409.221239: {"stream":"etcusd_perp@bookTicker","data":{"u":167006091700,"e":"bookTicker","s":"ETCUSD_PERP","ps":"ETCUSD","b":"42.270","B":"485","a":"42.287","A":"100","T":1626916404921,"E":1626916404926}}
1626916409.221247: {"stream":"etcusd_perp@bookTicker","data":{"u":167006091704,"e":"bookTicker","s":"ETCUSD_PERP","ps":"ETCUSD","b":"42.272","B":"192","a":"42.287","A":"100","T":1626916404921,"E":1626916404926}}
1626916409.2212539: {"stream":"trxusd_perp@depth@100ms","data":{"e":"depthUpdate","E":1626916404930,"T":1626916404921,"s":"TRXUSD_PERP","ps":"TRXUSD","U":167006090730,"u":167006091708,"pu":167006090018,"b":[["0.01069","5432"],["0.03742","11572"],["0.04811","20126"],["0.05079","7548"]],"a":[["0.05368","71"],["0.05379","481"],["0.05383","353"],["0.05614","7549"],["0.05882","10064"],["0.06951","11572"],["0.22135","67932"]]}}
1626916409.221261: {"stream":"xrpusd_perp@bookTicker","data":{"u":167006091728,"e":"bookTicker","s":"XRPUSD_PERP","ps":"XRPUSD","b":"0.5666","B":"566","a":"0.5667","A":"7133","T":1626916404925,"E":1626916404929}}
1626916409.221269: {"stream":"etcusd_perp@bookTicker","data":{"u":167006091743,"e":"bookTicker","s":"ETCUSD_PERP","ps":"ETCUSD","b":"42.270","B":"485","a":"42.287","A":"100","T":1626916404926,"E":1626916404932}}
1626916409.2212758: {"stream":"etcusd_perp@bookTicker","data":{"u":167006091749,"e":"bookTicker","s":"ETCUSD_PERP","ps":"ETCUSD","b":"42.268","B":"422","a":"42.287","A":"100","T":1626916404927,"E":1626916404934}}
1626916409.221283: {"stream":"etcusd_perp@bookTicker","data":{"u":167006091773,"e":"bookTicker","s":"ETCUSD_PERP","ps":"ETCUSD","b":"42.268","B":"422","a":"42.290","A":"410","T":1626916404930,"E":1626916404934}}
1626916409.221291: {"stream":"etcusd_perp@bookTicker","data":{"u":167006091778,"e":"bookTicker","s":"ETCUSD_PERP","ps":"ETCUSD","b":"42.268","B":"422","a":"42.289","A":"100","T":1626916404930,"E":1626916404934}}
1626916409.221298: {"stream":"bchusd_perp@depth@100ms","data":{"e":"depthUpdate","E":1626916404937,"T":1626916404927,"s":"BCHUSD_PERP","ps":"BCHUSD","U":167006090831,"u":167006091758,"pu":167006090383,"b":[["427.71","300"],["427.87","381"]],"a":[["428.04","100"],["428.09","0"],["428.33","2006"]]}}
1626916409.221324: {"stream":"etcusd_perp@bookTicker","data":{"u":167006091787,"e":"bookTicker","s":"ETCUSD_PERP","ps":"ETCUSD","b":"42.269","B":"272","a":"42.289","A":"100","T":1626916404932,"E":1626916404938}}
1626916409.221334: {"stream":"bchusd_210924@depth@100ms","data":{"e":"depthUpdate","E":1626916404943,"T":1626916404878,"s":"BCHUSD_210924","ps":"BCHUSD","U":167006090902,"u":167006091343,"pu":167006090620,"b":[],"a":[["430.22","1272"],["430.58","246"],["1336.24","9418"]]}}
1626916409.22134: {"stream":"linkusd_211231@depth@100ms","data":{"e":"depthUpdate","E":1626916404945,"T":1626916404860,"s":"LINKUSD_211231","ps":"LINKUSD","U":167006090939,"u":167006091142,"pu":167006089999,"b":[["15.284","351"],["15.298","150"]],"a":[["15.330","2247"],["15.331","0"],["15.332","0"],["15.334","205"]]}}
1626916409.2213461: {"stream":"bchusd_perp@bookTicker","data":{"u":167006091903,"e":"bookTicker","s":"BCHUSD_PERP","ps":"BCHUSD","b":"427.90","B":"169","a":"427.91","A":"174","T":1626916404945,"E":1626916404949}}
1626916409.221354: {"stream":"ethusd_210924@bookTicker","data":{"u":167006091969,"e":"bookTicker","s":"ETHUSD_210924","ps":"ETHUSD","b":"1992.17","B":"65","a":"1992.18","A":"4488","T":1626916404953,"E":1626916404959}}
1626916409.2213619: {"stream":"etcusd_perp@depth@100ms","data":{"e":"depthUpdate","E":1626916404963,"T":1626916404937,"s":"ETCUSD_PERP","ps":"ETCUSD","U":167006091128,"u":167006091839,"pu":167006091084,"b":[["42.072","336"],["42.086","0"],["42.214","315"],["42.226","0"],["42.235","662"],["42.253","354"],["42.260","0"],["42.264","0"],["42.269","272"],["42.270","0"],["42.271","0"],["42.272","0"]],"a":[["42.287","0"],["42.288","0"],["42.289","100"],["42.290","560"],["42.298","0"],["42.299","0"],["42.303","90"],["42.319","0"],["42.321","1153"],["42.329","0"]]}}
1626916409.2213702: {"stream":"etcusd_perp@bookTicker","data":{"u":167006092051,"e":"bookTicker","s":"ETCUSD_PERP","ps":"ETCUSD","b":"42.278","B":"17","a":"42.289","A":"100","T":1626916404961,"E":1626916404966}}
1626916409.221378: {"stream":"xrpusd_perp@depth@100ms","data":{"e":"depthUpdate","E":1626916404975,"T":1626916404948,"s":"XRPUSD_PERP","ps":"XRPUSD","U":167006091252,"u":167006091947,"pu":167006091159,"b":[["0.5648","25033"],["0.5651","361"]],"a":[["0.5666","0"],["0.5667","7133"],["0.5677","7305"],["0.5686","24897"],["0.5687","1149"]]}}
1626916409.221384: {"stream":"etcusd_perp@bookTicker","data":{"u":167006092131,"e":"bookTicker","s":"ETCUSD_PERP","ps":"ETCUSD","b":"42.278","B":"17","a":"42.289","A":"165","T":1626916404970,"E":1626916404975}}
1626916409.221392: {"stream":"linkusd_perp@depth@100ms","data":{"e":"depthUpdate","E":1626916404975,"T":1626916404960,"s":"LINKUSD_PERP","ps":"LINKUSD","U":167006091263,"u":167006092035,"pu":167006090416,"b":[["14.774","1070"],["15.061","263"],["15.065","262"],["15.066","155"]],"a":[["15.075","310"],["15.078","1934"]]}}
1626916409.221398: {"stream":"xrpusd_perp@bookTicker","data":{"u":167006092164,"e":"bookTicker","s":"XRPUSD_PERP","ps":"XRPUSD","b":"0.5666","B":"566","a":"0.5667","A":"7158","T":1626916404974,"E":1626916404978}}
1626916409.221405: {"stream":"ethusd_210924@depth@100ms","data":{"e":"depthUpdate","E":1626916404987,"T":1626916404962,"s":"ETHUSD_210924","ps":"ETHUSD","U":167006091407,"u":167006092063,"pu":167006091321,"b":[["1987.67","784"],["1988.12","501"],["1988.23","0"],["1988.40","876"],["1989.38","0"],["1989.81","0"],["1989.89","363"],["1990.04","343"],["1990.05","0"],["1990.16","0"],["1990.46","322"],["1990.54","400"],["1990.61","301"],["1990.74","280"],["1991.53","50"],["1991.57","0"],["1991.61","125"],["1991.78","96"]],"a":[["1992.18","4488"],["1992.43","0"],["1992.51","0"],["1992.52","0"],["1994.34","0"],["2024.28","0"],["2034.20","0"],["2044.12","2529"],["2054.05","0"],["2063.97","0"]]}}
1626916409.2214139: {"stream":"etcusd_perp@bookTicker","data":{"u":167006092311,"e":"bookTicker","s":"ETCUSD_PERP","ps":"ETCUSD","b":"42.278","B":"17","a":"42.279","A":"89","T":1626916404986,"E":1626916404990}}
1626916409.2214222: {"stream":"xrpusd_perp@bookTicker","data":{"u":167006092481,"e":"bookTicker","s":"XRPUSD_PERP","ps":"XRPUSD","b":"0.5666","B":"566","a":"0.5667","A":"7128","T":1626916404995,"E":1626916405006}}
1626916409.22143: {"stream":"btcusd_211231@depth@100ms","data":{"e":"depthUpdate","E":1626916405021,"T":1626916404985,"s":"BTCUSD_211231","ps":"BTCUSD","U":167006091647,"u":167006092308,"pu":167006090536,"b":[["32546.0","25"]],"a":[["32636.8","153"],["32640.9","46"],["32641.0","0"],["32641.1","0"]]}}
1626916409.2214358: {"stream":"xrpusd_perp@bookTicker","data":{"u":167006092973,"e":"bookTicker","s":"XRPUSD_PERP","ps":"XRPUSD","b":"0.5666","B":"566","a":"0.5667","A":"7158","T":1626916405017,"E":1626916405022}}
1626916409.2214432: {"stream":"xrpusd_perp@bookTicker","data":{"u":167006092974,"e":"bookTicker","s":"XRPUSD_PERP","ps":"XRPUSD","b":"0.5666","B":"566","a":"0.5667","A":"8158","T":1626916405017,"E":1626916405023}}
1626916409.221451: {"stream":"ethusd_210924@bookTicker","data":{"u":167006093418,"e":"bookTicker","s":"ETHUSD_210924","ps":"ETHUSD","b":"1992.17","B":"60","a":"1992.18","A":"4488","T":1626916405040,"E":1626916405045}}
1626916409.221459: {"stream":"bchusd_perp@depth@100ms","data":{"e":"depthUpdate","E":1626916405049,"T":1626916405014,"s":"BCHUSD_PERP","ps":"BCHUSD","U":167006091903,"u":167006092924,"pu":167006091758,"b":[["424.82","0"],["427.90","169"]],"a":[["428.22","1692"]]}}
1626916409.221478: {"stream":"linkusd_211231@depth@100ms","data":{"e":"depthUpdate","E":1626916405049,"T":1626916404945,"s":"LINKUSD_211231","ps":"LINKUSD","U":167006091897,"u":167006091901,"pu":167006091142,"b":[["14.763","0"],["14.839","0"],["14.914","0"],["14.989","0"],["15.065","0"]],"a":[]}}
1626916409.2214851: {"stream":"eosusd_perp@depth@100ms","data":{"e":"depthUpdate","E":1626916405053,"T":1626916405027,"s":"EOSUSD_PERP","ps":"EOSUSD","U":167006091907,"u":167006093148,"pu":167006091025,"b":[["3.456","1253"]],"a":[["3.485","5427"],["3.486","437"]]}}
1626916409.22149: {"stream":"ethusd_210924@kline_1m","data":{"e":"kline","E":1626916405054,"s":"ETHUSD_210924","k":{"t":1626916380000,"T":1626916439999,"s":"ETHUSD_210924","i":"1m","f":11380855,"L":11380895,"o":"1992.70","c":"1992.17","h":"1993.71","l":"1992.17","v":"1893","n":41,"x":false,"q":"9.49653573","V":"1368","Q":"6.86228695","B":"0"}}}
1626916409.221511: {"stream":"ethusd_210924@bookTicker","data":{"u":167006093621,"e":"bookTicker","s":"ETHUSD_210924","ps":"ETHUSD","b":"1992.07","B":"10","a":"1992.17","A":"5","T":1626916405049,"E":1626916405055}}
1626916409.22152: {"stream":"etcusd_perp@kline_1m","data":{"e":"kline","E":1626916405061,"s":"ETCUSD_PERP","k":{"t":1626916380000,"T":1626916439999,"s":"ETCUSD_PERP","i":"1m","f":19095548,"L":19095855,"o":"42.305","c":"42.278","h":"42.343","l":"42.268","v":"55100","n":308,"x":false,"q":"13015.30429960","V":"50438","Q":"11913.42471197","B":"0"}}}
1626916409.2215328: {"stream":"etcusd_perp@bookTicker","data":{"u":167006093702,"e":"bookTicker","s":"ETCUSD_PERP","ps":"ETCUSD","b":"42.269","B":"272","a":"42.279","A":"89","T":1626916405055,"E":1626916405062}}
1626916409.221542: {"stream":"etcusd_perp@depth@100ms","data":{"e":"depthUpdate","E":1626916405066,"T":1626916405055,"s":"ETCUSD_PERP","ps":"ETCUSD","U":167006092051,"u":167006093702,"pu":167006091839,"b":[["39.544","0"],["41.983","0"],["42.240","200"],["42.247","0"],["42.253","264"],["42.254","1335"],["42.262","90"],["42.278","0"]],"a":[["42.278","0"],["42.279","89"],["42.289","100"],["42.293","0"],["42.294","669"],["42.328","782"],["42.344","0"]]}}
1626916409.221549: {"stream":"ethusd_210924@bookTicker","data":{"u":167006093792,"e":"bookTicker","s":"ETHUSD_210924","ps":"ETHUSD","b":"1992.07","B":"10","a":"1992.08","A":"486","T":1626916405060,"E":1626916405067}}
1626916409.221557: {"stream":"ethusd_210924@bookTicker","data":{"u":167006093794,"e":"bookTicker","s":"ETHUSD_210924","ps":"ETHUSD","b":"1992.07","B":"10","a":"1992.08","A":"737","T":1626916405060,"E":1626916405067}}
1626916409.221565: {"stream":"ethusd_210924@bookTicker","data":{"u":167006093799,"e":"bookTicker","s":"ETHUSD_210924","ps":"ETHUSD","b":"1992.07","B":"10","a":"1992.08","A":"977","T":1626916405060,"E":1626916405067}}
1626916409.2215722: {"stream":"ethusd_210924@bookTicker","data":{"u":167006093800,"e":"bookTicker","s":"ETHUSD_210924","ps":"ETHUSD","b":"1992.07","B":"10","a":"1992.08","A":"1757","T":1626916405060,"E":1626916405067}}
1626916409.22158: {"stream":"ethusd_210924@bookTicker","data":{"u":167006093808,"e":"bookTicker","s":"ETHUSD_210924","ps":"ETHUSD","b":"1992.07","B":"10","a":"1992.08","A":"3327","T":1626916405060,"E":1626916405069}}
1626916409.221587: {"stream":"ethusd_210924@bookTicker","data":{"u":167006093860,"e":"bookTicker","s":"ETHUSD_210924","ps":"ETHUSD","b":"1992.07","B":"10","a":"1992.08","A":"5361","T":1626916405064,"E":1626916405069}}
1626916409.221597: {"stream":"xrpusd_perp@depth@100ms","data":{"e":"depthUpdate","E":1626916405078,"T":1626916405060,"s":"XRPUSD_PERP","ps":"XRPUSD","U":167006092156,"u":167006093798,"pu":167006091947,"b":[["0.5650","6232"],["0.5651","13"]],"a":[["0.5666","0"],["0.5667","8158"],["0.5668","7319"]]}}
1626916409.2216032: {"stream":"ethusd_210924@bookTicker","data":{"u":167006093946,"e":"bookTicker","s":"ETHUSD_210924","ps":"ETHUSD","b":"1992.07","B":"10","a":"1992.08","A":"5505","T":1626916405071,"E":1626916405078}}
1626916409.22161: {"stream":"ethusd_210924@aggTrade","data":{"e":"aggTrade","E":1626916405079,"a":7297361,"s":"ETHUSD_210924","p":"1992.17","q":"60","f":11380895,"l":11380895,"T":1626916405049,"m":true}}
1626916409.221622: {"stream":"ethusd_210924@bookTicker","data":{"u":167006093957,"e":"bookTicker","s":"ETHUSD_210924","ps":"ETHUSD","b":"1992.07","B":"10","a":"1992.08","A":"6791","T":1626916405072,"E":1626916405078}}
1626916409.2216299: {"stream":"ethusd_210924@bookTicker","data":{"u":167006094086,"e":"bookTicker","s":"ETHUSD_210924","ps":"ETHUSD","b":"1992.06","B":"40","a":"1992.08","A":"6791","T":1626916405075,"E":1626916405079}}
1626916409.221638: {"stream":"etcusd_perp@bookTicker","data":{"u":167006094268,"e":"bookTicker","s":"ETCUSD_PERP","ps":"ETCUSD","b":"42.269","B":"272","a":"42.289","A":"100","T":1626916405082,"E":1626916405087}}
1626916409.221646: {"stream":"ethusd_210924@bookTicker","data":{"u":167006094285,"e":"bookTicker","s":"ETHUSD_210924","ps":"ETHUSD","b":"1992.07","B":"60","a":"1992.08","A":"6791","T":1626916405083,"E":1626916405087}}
1626916409.221653: {"stream":"ethusd_210924@depth@100ms","data":{"e":"depthUpdate","E":1626916405090,"T":1626916405083,"s":"ETHUSD_210924","ps":"ETHUSD","U":167006092307,"u":167006094289,"pu":167006092063,"b":[["1987.67","0"],["1987.89","0"],["1987.93","80"],["1988.10","0"],["1988.12","5827"],["1988.18","0"],["1988.20","0"],["1988.40","406"],["1988.89","11945"],["1989.49","363"],["1989.64","343"],["1989.70","322"],["1989.83","280"],["1989.85","301"],["1989.89","0"],["1989.96","3647"],["1989.97","259"],["1990.04","0"],["1990.22","50"],["1990.43","0"],["1990.46","0"],["1990.54","0"],["1990.61","0"],["1990.74","0"],["1990.88","0"],["1990.89","0"],["1991.20","0"],["1991.29","270"],["1991.44","0"],["1991.45","0"],["1991.53","0"],["1991.54","0"],["1991.56","0"],["1991.57","436"],["1991.59","360"],["1991.60","0"],["1991.61","0"],["1991.64","0"],["1991.65","0"],["1991.77","0"],["1991.78","0"],["1991.89","5"],["1992.07","60"],["1992.17","0"]],"a":[["1991.90","0"],["1992.07","0"],["1992.08","6791"],["1992.14","360"],["1992.16","1002"],["1992.17","275"],["1992.18","2588"],["1992.54","3584"],["1992.56","259"],["1992.57","280"],["1992.89","0"],["1992.90","0"],["1993.96","80"],["1994.25","169"],["1996.40","998"],["1997.40","0"]]}}
1626916409.221666: {"stream":"ethusd_210924@bookTicker","data":{"u":167006094352,"e":"bookTicker","s":"ETHUSD_210924","ps":"ETHUSD","b":"1992.07","B":"20","a":"1992.08","A":"6791","T":1626916405086,"E":1626916405090}}
1626916409.221675: {"stream":"ethusd_210924@bookTicker","data":{"u":167006094354,"e":"bookTicker","s":"ETHUSD_210924","ps":"ETHUSD","b":"1992.07","B":"20","a":"1992.08","A":"5221","T":1626916405086,"E":1626916405090}}
1626916409.2216818: {"stream":"linkusd_perp@depth@100ms","data":{"e":"depthUpdate","E":1626916405090,"T":1626916405042,"s":"LINKUSD_PERP","ps":"LINKUSD","U":167006092314,"u":167006093498,"pu":167006092035,"b":[],"a":[["15.073","5182"],["15.075","510"],["15.079","2756"],["15.094","651"],["15.102","550"],["15.106","121"]]}}
1626916409.221688: {"stream":"ethusd_210924@bookTicker","data":{"u":167006094461,"e":"bookTicker","s":"ETHUSD_210924","ps":"ETHUSD","b":"1992.06","B":"40","a":"1992.08","A":"5221","T":1626916405094,"E":1626916405099}}
1626916409.2217228: {"stream":"ethusd_210924@bookTicker","data":{"u":167006094476,"e":"bookTicker","s":"ETHUSD_210924","ps":"ETHUSD","b":"1992.06","B":"40","a":"1992.08","A":"5581","T":1626916405095,"E":1626916405101}}
1626916409.2217522: {"stream":"ethusd_210924@bookTicker","data":{"u":167006094501,"e":"bookTicker","s":"ETHUSD_210924","ps":"ETHUSD","b":"1992.06","B":"40","a":"1992.08","A":"5341","T":1626916405097,"E":1626916405103}}
1626916409.221775: {"stream":"ethusd_210924@bookTicker","data":{"u":167006094502,"e":"bookTicker","s":"ETHUSD_210924","ps":"ETHUSD","b":"1992.06","B":"40","a":"1992.07","A":"240","T":1626916405097,"E":1626916405103}}
1626916409.221782: {"stream":"trxusd_perp@depth@100ms","data":{"e":"depthUpdate","E":1626916405106,"T":1626916404994,"s":"TRXUSD_PERP","ps":"TRXUSD","U":167006092480,"u":167006092480,"pu":167006091708,"b":[["0.05342","924"]],"a":[]}}
1626916409.221788: {"stream":"ethusd_210924@bookTicker","data":{"u":167006094724,"e":"bookTicker","s":"ETHUSD_210924","ps":"ETHUSD","b":"1992.06","B":"40","a":"1992.07","A":"491","T":1626916405106,"E":1626916405109}}
1626916409.221795: {"stream":"ethusd_210924@bookTicker","data":{"u":167006094728,"e":"bookTicker","s":"ETHUSD_210924","ps":"ETHUSD","b":"1992.06","B":"40","a":"1992.07","A":"1271","T":1626916405106,"E":1626916405109}}
1626916409.221803: {"stream":"ethusd_210924@aggTrade","data":{"e":"aggTrade","E":1626916405111,"a":7297362,"s":"ETHUSD_210924","p":"1992.07","q":"70","f":11380896,"l":11380898,"T":1626916405075,"m":true}}
1626916409.221812: {"stream":"ethusd_210924@bookTicker","data":{"u":167006094745,"e":"bookTicker","s":"ETHUSD_210924","ps":"ETHUSD","b":"1992.06","B":"10","a":"1992.07","A":"1271","T":1626916405106,"E":1626916405112}}
1626916409.221819: {"stream":"ethusd_210924@bookTicker","data":{"u":167006094747,"e":"bookTicker","s":"ETHUSD_210924","ps":"ETHUSD","b":"1992.06","B":"10","a":"1992.07","A":"1631","T":1626916405107,"E":1626916405112}}
1626916409.2218292: {"stream":"ethusd_210924@bookTicker","data":{"u":167006094759,"e":"bookTicker","s":"ETHUSD_210924","ps":"ETHUSD","b":"1991.89","B":"5","a":"1992.07","A":"1631","T":1626916405108,"E":1626916405113}}
1626916409.221836: {"stream":"ethusd_210924@bookTicker","data":{"u":167006094812,"e":"bookTicker","s":"ETHUSD_210924","ps":"ETHUSD","b":"1991.89","B":"5","a":"1992.07","A":"1271","T":1626916405110,"E":1626916405115}}
1626916409.2218711: {"stream":"ethusd_210924@bookTicker","data":{"u":167006094889,"e":"bookTicker","s":"ETHUSD_210924","ps":"ETHUSD","b":"1991.89","B":"5","a":"1992.07","A":"2869","T":1626916405116,"E":1626916405122}}
1626916409.22188: {"stream":"ethusd_210924@bookTicker","data":{"u":167006094912,"e":"bookTicker","s":"ETHUSD_210924","ps":"ETHUSD","b":"1991.89","B":"5","a":"1992.07","A":"3229","T":1626916405118,"E":1626916405124}}
1626916409.221889: {"stream":"ethusd_210924@bookTicker","data":{"u":167006094922,"e":"bookTicker","s":"ETHUSD_210924","ps":"ETHUSD","b":"1991.89","B":"5","a":"1991.90","A":"251","T":1626916405118,"E":1626916405124}}
1626916409.221898: {"stream":"ethusd_210924@bookTicker","data":{"u":167006094924,"e":"bookTicker","s":"ETHUSD_210924","ps":"ETHUSD","b":"1991.89","B":"5","a":"1991.90","A":"1031","T":1626916405119,"E":1626916405124}}
1626916409.221906: {"stream":"ethusd_210924@bookTicker","data":{"u":167006094925,"e":"bookTicker","s":"ETHUSD_210924","ps":"ETHUSD","b":"1991.89","B":"5","a":"1991.90","A":"1517","T":1626916405119,"E":1626916405124}}
1626916409.221929: {"stream":"ethusd_210924@bookTicker","data":{"u":167006094935,"e":"bookTicker","s":"ETHUSD_210924","ps":"ETHUSD","b":"1991.89","B":"5","a":"1991.90","A":"4489","T":1626916405119,"E":1626916405124}}
1626916409.221968: {"stream":"ethusd_210924@bookTicker","data":{"u":167006094991,"e":"bookTicker","s":"ETHUSD_210924","ps":"ETHUSD","b":"1991.89","B":"5","a":"1991.90","A":"6503","T":1626916405122,"E":1626916405126}}
1626916409.221977: {"stream":"ethusd_210924@bookTicker","data":{"u":167006095069,"e":"bookTicker","s":"ETHUSD_210924","ps":"ETHUSD","b":"1991.89","B":"5","a":"1991.90","A":"6647","T":1626916405126,"E":1626916405133}}
1626916409.221986: {"stream":"ethusd_210924@bookTicker","data":{"u":167006095111,"e":"bookTicker","s":"ETHUSD_210924","ps":"ETHUSD","b":"1991.89","B":"5","a":"1991.90","A":"7582","T":1626916405127,"E":1626916405136}}
1626916409.221995: {"stream":"ethusd_210924@bookTicker","data":{"u":167006095382,"e":"bookTicker","s":"ETHUSD_210924","ps":"ETHUSD","b":"1991.89","B":"15","a":"1991.90","A":"7582","T":1626916405140,"E":1626916405144}}
1626916409.222017: {"stream":"ethusd_210924@bookTicker","data":{"u":167006095398,"e":"bookTicker","s":"ETHUSD_210924","ps":"ETHUSD","b":"1991.89","B":"25","a":"1991.90","A":"7582","T":1626916405140,"E":1626916405144}}
1626916409.222024: {"stream":"bchusd_perp@bookTicker","data":{"u":167006095411,"e":"bookTicker","s":"BCHUSD_PERP","ps":"BCHUSD","b":"427.90","B":"193","a":"427.91","A":"174","T":1626916405141,"E":1626916405145}}
1626916409.222034: {"stream":"ethusd_210924@bookTicker","data":{"u":167006095410,"e":"bookTicker","s":"ETHUSD_210924","ps":"ETHUSD","b":"1991.89","B":"35","a":"1991.90","A":"7582","T":1626916405141,"E":1626916405145}}
1626916409.2220411: {"stream":"ethusd_210924@bookTicker","data":{"u":167006095508,"e":"bookTicker","s":"ETHUSD_210924","ps":"ETHUSD","b":"1991.89","B":"45","a":"1991.90","A":"7582","T":1626916405144,"E":1626916405149}}
1626916409.222049: {"stream":"ethusd_210924@bookTicker","data":{"u":167006095569,"e":"bookTicker","s":"ETHUSD_210924","ps":"ETHUSD","b":"1991.89","B":"45","a":"1991.90","A":"7852","T":1626916405147,"E":1626916405152}}
1626916409.222056: {"stream":"btcusd_211231@depth@100ms","data":{"e":"depthUpdate","E":1626916405155,"T":1626916405144,"s":"BTCUSD_211231","ps":"BTCUSD","U":167006093643,"u":167006095504,"pu":167006092308,"b":[["31373.4","55"],["31533.5","55"],["31693.6","55"],["31853.7","55"],["32013.7","55"]],"a":[["32636.8","0"],["32639.9","0"],["32640.8","0"],["32640.9","0"],["32641.1","46"],["32642.0","153"],["32711.6","12"],["33040.2","45"],["33200.2","376"],["33360.3","45"],["33520.4","46"],["33680.5","46"]]}}
1626916409.222064: {"stream":"ethusd_210924@bookTicker","data":{"u":167006095699,"e":"bookTicker","s":"ETHUSD_210924","ps":"ETHUSD","b":"1991.89","B":"55","a":"1991.90","A":"7852","T":1626916405152,"E":1626916405157}}
1626916409.2220721: {"stream":"ethusd_210924@bookTicker","data":{"u":167006095712,"e":"bookTicker","s":"ETHUSD_210924","ps":"ETHUSD","b":"1991.89","B":"55","a":"1991.90","A":"8352","T":1626916405152,"E":1626916405158}}
1626916409.22208: {"stream":"ethusd_210924@bookTicker","data":{"u":167006095738,"e":"bookTicker","s":"ETHUSD_210924","ps":"ETHUSD","b":"1991.89","B":"115","a":"1991.90","A":"8352","T":1626916405154,"E":1626916405159}}
1626916409.2220879: {"stream":"bchusd_perp@bookTicker","data":{"u":167006095824,"e":"bookTicker","s":"BCHUSD_PERP","ps":"BCHUSD","b":"427.90","B":"169","a":"427.91","A":"174","T":1626916405158,"E":1626916405163}}
1626916409.2221282: {"stream":"ethusd_210924@bookTicker","data":{"u":167006095831,"e":"bookTicker","s":"ETHUSD_210924","ps":"ETHUSD","b":"1991.89","B":"115","a":"1991.90","A":"8592","T":1626916405158,"E":1626916405164}}
1626916409.2221498: {"stream":"etcusd_perp@depth@100ms","data":{"e":"depthUpdate","E":1626916405173,"T":1626916405156,"s":"ETCUSD_PERP","ps":"ETCUSD","U":167006093915,"u":167006095789,"pu":167006093702,"b":[["41.983","2000"],["42.223","1510"],["42.228","0"]],"a":[["42.279","0"],["42.290","150"],["42.292","0"],["42.294","300"],["42.319","715"],["42.321","438"],["42.336","403"]]}}
1626916409.222157: {"stream":"trxusd_perp@bookTicker","data":{"u":167006096165,"e":"bookTicker","s":"TRXUSD_PERP","ps":"TRXUSD","b":"0.05346","B":"560","a":"0.05347","A":"20390","T":1626916405179,"E":1626916405183}}
1626916409.222165: {"stream":"bchusd_perp@depth@100ms","data":{"e":"depthUpdate","E":1626916405187,"T":1626916405158,"s":"BCHUSD_PERP","ps":"BCHUSD","U":167006094279,"u":167006095824,"pu":167006092924,"b":[["427.90","169"]],"a":[["427.99","101"],["428.04","0"],["429.03","15"]]}}
1626916409.222187: {"stream":"ethusd_210924@bookTicker","data":{"u":167006096264,"e":"bookTicker","s":"ETHUSD_210924","ps":"ETHUSD","b":"1991.89","B":"115","a":"1991.90","A":"8092","T":1626916405185,"E":1626916405189}}
1626916409.2221959: {"stream":"ethusd_210924@depth@100ms","data":{"e":"depthUpdate","E":1626916405190,"T":1626916405185,"s":"ETHUSD_210924","ps":"ETHUSD","U":167006094324,"u":167006096264,"pu":167006094289,"b":[["1986.42","784"],["1987.02","533"],["1987.03","0"],["1987.07","501"],["1987.62","470"],["1988.08","414"],["1991.29","270"],["1991.50","0"],["1991.52","360"],["1991.53","125"],["1991.57","0"],["1991.59","0"],["1991.60","0"],["1991.89","115"],["1991.90","0"],["1992.06","0"],["1992.07","0"]],"a":[["1991.90","8092"],["1991.96","400"],["1991.97","0"],["1992.00","20"],["1992.04","840"],["1992.06","1420"],["1992.07","0"],["1992.08","3320"],["1992.14","0"],["1992.17","0"],["1992.18","2182"],["1992.32","1238"],["1992.35","0"],["1992.44","0"],["1992.53","1347"],["1992.58","0"],["1992.80","0"],["1993.22","425"],["1993.35","200"],["1993.56","2108"],["1993.88","0"],["1993.96","0"],["1993.99","80"],["1994.40","5912"],["1994.97","0"],["1995.29","500"],["1995.99","12"],["1996.12","0"],["1996.14","0"],["1996.30","6028"],["1996.31","0"],["1996.62","0"],["1996.67","0"],["1997.25","0"],["1997.43","0"],["2024.13","408"],["2034.06","410"],["2043.98","412"],["2053.90","414"],["2063.82","416"]]}}
1626916409.222209: {"stream":"bchusd_210924@bookTicker","data":{"u":167006096242,"e":"bookTicker","s":"BCHUSD_210924","ps":"BCHUSD","b":"429.35","B":"200","a":"429.57","A":"20","T":1626916405182,"E":1626916405189}}
1626916409.222218: {"stream":"xrpusd_perp@depth@100ms","data":{"e":"depthUpdate","E":1626916405192,"T":1626916405176,"s":"XRPUSD_PERP","ps":"XRPUSD","U":167006094380,"u":167006096150,"pu":167006093798,"b":[],"a":[["0.5666","0"]]}}
1626916409.2222238: {"stream":"linkusd_perp@depth@100ms","data":{"e":"depthUpdate","E":1626916405192,"T":1626916405104,"s":"LINKUSD_PERP","ps":"LINKUSD","U":167006094390,"u":167006094705,"pu":167006093498,"b":[["14.727","3646"],["15.058","1678"],["15.060","817"]],"a":[["19.056","0"]]}}
1626916409.222263: {"stream":"bchusd_perp@bookTicker","data":{"u":167006096477,"e":"bookTicker","s":"BCHUSD_PERP","ps":"BCHUSD","b":"427.90","B":"193","a":"427.91","A":"174","T":1626916405198,"E":1626916405204}}
1626916409.222286: {"stream":"eosusd_perp@bookTicker","data":{"u":167006096493,"e":"bookTicker","s":"EOSUSD_PERP","ps":"EOSUSD","b":"3.467","B":"980","a":"3.468","A":"250","T":1626916405200,"E":1626916405205}}
1626916409.222294: {"stream":"bchusd_210924@bookTicker","data":{"u":167006096452,"e":"bookTicker","s":"BCHUSD_210924","ps":"BCHUSD","b":"429.35","B":"200","a":"429.56","A":"40","T":1626916405197,"E":1626916405203}}
1626916409.222301: {"stream":"eosusd_perp@bookTicker","data":{"u":167006096496,"e":"bookTicker","s":"EOSUSD_PERP","ps":"EOSUSD","b":"3.467","B":"580","a":"3.468","A":"250","T":1626916405200,"E":1626916405205}}
1626916409.222311: {"stream":"eosusd_perp@bookTicker","data":{"u":167006096512,"e":"bookTicker","s":"EOSUSD_PERP","ps":"EOSUSD","b":"3.467","B":"780","a":"3.468","A":"250","T":1626916405201,"E":1626916405207}}
1626916409.222351: {"stream":"eosusd_perp@bookTicker","data":{"u":167006096514,"e":"bookTicker","s":"EOSUSD_PERP","ps":"EOSUSD","b":"3.467","B":"980","a":"3.468","A":"250","T":1626916405201,"E":1626916405207}}
1626916409.222359: {"stream":"ethusd_210924@bookTicker","data":{"u":167006096609,"e":"bookTicker","s":"ETHUSD_210924","ps":"ETHUSD","b":"1991.89","B":"115","a":"1991.90","A":"8452","T":1626916405206,"E":1626916405213}}
1626916409.222381: {"stream":"xrpusd_perp@bookTicker","data":{"u":167006096652,"e":"bookTicker","s":"XRPUSD_PERP","ps":"XRPUSD","b":"0.5666","B":"566","a":"0.5667","A":"8133","T":1626916405207,"E":1626916405213}}
1626916409.222389: {"stream":"ethusd_210924@bookTicker","data":{"u":167006096635,"e":"bookTicker","s":"ETHUSD_210924","ps":"ETHUSD","b":"1991.89","B":"65","a":"1991.90","A":"8452","T":1626916405206,"E":1626916405213}}
1626916409.2223969: {"stream":"etcusd_perp@aggTrade","data":{"e":"aggTrade","E":1626916405213,"a":12400564,"s":"ETCUSD_PERP","p":"42.278","q":"17","f":19095855,"l":19095855,"T":1626916405055,"m":true}}
1626916409.222406: {"stream":"ethusd_210924@aggTrade","data":{"e":"aggTrade","E":1626916405213,"a":7297363,"s":"ETHUSD_210924","p":"1992.06","q":"40","f":11380899,"l":11380902,"T":1626916405106,"m":true}}
1626916409.22244: {"stream":"trxusd_perp@bookTicker","data":{"u":167006096752,"e":"bookTicker","s":"TRXUSD_PERP","ps":"TRXUSD","b":"0.05346","B":"360","a":"0.05347","A":"20390","T":1626916405214,"E":1626916405222}}
1626916409.2224488: {"stream":"eosusd_perp@depth@100ms","data":{"e":"depthUpdate","E":1626916405222,"T":1626916405201,"s":"EOSUSD_PERP","ps":"EOSUSD","U":167006094897,"u":167006096514,"pu":167006093148,"b":[["3.456","1354"],["3.467","980"]],"a":[["3.493","12121"]]}}
1626916409.2224572: {"stream":"ethusd_210924@bookTicker","data":{"u":167006096819,"e":"bookTicker","s":"ETHUSD_210924","ps":"ETHUSD","b":"1991.89","B":"65","a":"1991.90","A":"8308","T":1626916405221,"E":1626916405226}}
1626916409.222466: {"stream":"etcusd_perp@bookTicker","data":{"u":167006096954,"e":"bookTicker","s":"ETCUSD_PERP","ps":"ETCUSD","b":"42.269","B":"272","a":"42.287","A":"200","T":1626916405235,"E":1626916405241}}
1626916409.222489: {"stream":"bchusd_perp@bookTicker","data":{"u":167006096999,"e":"bookTicker","s":"BCHUSD_PERP","ps":"BCHUSD","b":"427.90","B":"169","a":"427.91","A":"174","T":1626916405238,"E":1626916405243}}
1626916409.222511: {"stream":"ethusd_210924@bookTicker","data":{"u":167006096985,"e":"bookTicker","s":"ETHUSD_210924","ps":"ETHUSD","b":"1991.89","B":"70","a":"1991.90","A":"8308","T":1626916405237,"E":1626916405242}}
1626916409.222518: {"stream":"ethusd_210924@bookTicker","data":{"u":167006097038,"e":"bookTicker","s":"ETHUSD_210924","ps":"ETHUSD","b":"1991.89","B":"80","a":"1991.90","A":"8308","T":1626916405240,"E":1626916405246}}
1626916409.2225258: {"stream":"eosusd_perp@bookTicker","data":{"u":167006097040,"e":"bookTicker","s":"EOSUSD_PERP","ps":"EOSUSD","b":"3.467","B":"980","a":"3.468","A":"400","T":1626916405240,"E":1626916405246}}
1626916409.2225332: {"stream":"ethusd_210924@bookTicker","data":{"u":167006097049,"e":"bookTicker","s":"ETHUSD_210924","ps":"ETHUSD","b":"1991.89","B":"90","a":"1991.90","A":"8308","T":1626916405241,"E":1626916405246}}
1626916409.222541: {"stream":"xrpusd_perp@bookTicker","data":{"u":167006097052,"e":"bookTicker","s":"XRPUSD_PERP","ps":"XRPUSD","b":"0.5666","B":"566","a":"0.5667","A":"8158","T":1626916405241,"E":1626916405246}}
1626916409.222548: {"stream":"ethusd_210924@bookTicker","data":{"u":167006097051,"e":"bookTicker","s":"ETHUSD_210924","ps":"ETHUSD","b":"1991.89","B":"100","a":"1991.90","A":"8308","T":1626916405241,"E":1626916405246}}
1626916409.2225559: {"stream":"ethusd_210924@bookTicker","data":{"u":167006097059,"e":"bookTicker","s":"ETHUSD_210924","ps":"ETHUSD","b":"1991.89","B":"110","a":"1991.90","A":"8308","T":1626916405241,"E":1626916405246}}
1626916409.222563: {"stream":"ethusd_210924@aggTrade","data":{"e":"aggTrade","E":1626916405256,"a":7297364,"s":"ETHUSD_210924","p":"1991.89","q":"160","f":11380903,"l":11380915,"T":1626916405206,"m":true}}
1626916409.222571: {"stream":"etcusd_perp@bookTicker","data":{"u":167006097173,"e":"bookTicker","s":"ETCUSD_PERP","ps":"ETCUSD","b":"42.269","B":"272","a":"42.286","A":"100","T":1626916405249,"E":1626916405256}}
1626916409.222579: {"stream":"bchusd_210924@depth@100ms","data":{"e":"depthUpdate","E":1626916405257,"T":1626916405197,"s":"BCHUSD_210924","ps":"BCHUSD","U":167006095672,"u":167006096452,"pu":167006091343,"b":[],"a":[["429.56","40"],["429.57","20"],["429.58","0"],["429.59","0"]]}}
1626916409.2225852: {"stream":"ethusd_210924@bookTicker","data":{"u":167006097171,"e":"bookTicker","s":"ETHUSD_210924","ps":"ETHUSD","b":"1991.51","B":"196","a":"1991.90","A":"8308","T":1626916405249,"E":1626916405256}}
1626916409.222592: {"stream":"ethusd_210924@bookTicker","data":{"u":167006097275,"e":"bookTicker","s":"ETHUSD_210924","ps":"ETHUSD","b":"1991.51","B":"196","a":"1991.60","A":"20","T":1626916405257,"E":1626916405261}}
1626916409.2226: {"stream":"btcusd_211231@depth@100ms","data":{"e":"depthUpdate","E":1626916405264,"T":1626916405243,"s":"BTCUSD_211231","ps":"BTCUSD","U":167006095845,"u":167006097083,"pu":167006095504,"b":[["32535.5","679"],["32539.2","0"],["32580.4","379"],["32584.7","0"],["32623.2","0"]],"a":[["32636.8","0"],["32639.8","77"],["32639.9","75"],["32640.0","23"],["32640.8","0"],["32641.0","153"],["32641.1","0"],["32642.0","0"],["32649.5","0"],["32649.8","0"]]}}
1626916409.2226079: {"stream":"ethusd_210924@bookTicker","data":{"u":167006097310,"e":"bookTicker","s":"ETHUSD_210924","ps":"ETHUSD","b":"1991.51","B":"196","a":"1991.52","A":"251","T":1626916405260,"E":1626916405264}}
1626916409.222616: {"stream":"eosusd_perp@bookTicker","data":{"u":167006097313,"e":"bookTicker","s":"EOSUSD_PERP","ps":"EOSUSD","b":"3.467","B":"954","a":"3.468","A":"400","T":1626916405261,"E":1626916405265}}
1626916409.222624: {"stream":"ethusd_210924@bookTicker","data":{"u":167006097367,"e":"bookTicker","s":"ETHUSD_210924","ps":"ETHUSD","b":"1991.51","B":"196","a":"1991.52","A":"3866","T":1626916405265,"E":1626916405271}}
1626916409.222632: {"stream":"ethusd_210924@bookTicker","data":{"u":167006097414,"e":"bookTicker","s":"ETHUSD_210924","ps":"ETHUSD","b":"1991.51","B":"196","a":"1991.52","A":"4801","T":1626916405267,"E":1626916405272}}
1626916409.222639: {"stream":"ethusd_210924@bookTicker","data":{"u":167006097442,"e":"bookTicker","s":"ETHUSD_210924","ps":"ETHUSD","b":"1991.51","B":"196","a":"1991.52","A":"5581","T":1626916405268,"E":1626916405273}}
1626916409.222647: {"stream":"etcusd_perp@depth@100ms","data":{"e":"depthUpdate","E":1626916405278,"T":1626916405270,"s":"ETCUSD_PERP","ps":"ETCUSD","U":167006096099,"u":167006097468,"pu":167006095789,"b":[["39.544","0"],["41.983","2000"],["42.223","1310"],["42.232","300"],["42.250","72"]],"a":[["42.286","100"],["42.287","200"],["42.289","0"],["42.291","291"],["42.294","0"],["42.302","34"],["42.313","322"],["42.320","1750"],["42.336","81"],["42.343","23482"],["42.353","300"]]}}
1626916409.2226539: {"stream":"ethusd_210924@bookTicker","data":{"u":167006097557,"e":"bookTicker","s":"ETHUSD_210924","ps":"ETHUSD","b":"1991.51","B":"466","a":"1991.52","A":"5581","T":1626916405276,"E":1626916405280}}
1626916409.222662: {"stream":"trxusd_perp@depth@100ms","data":{"e":"depthUpdate","E":1626916405283,"T":1626916405252,"s":"TRXUSD_PERP","ps":"TRXUSD","U":167006096165,"u":167006097217,"pu":167006092480,"b":[["0.05310","574"],["0.05330","252"],["0.05344","953"],["0.05345","943"],["0.05346","360"]],"a":[["0.05352","969"],["0.05363","96"],["0.05383","53"]]}}
1626916409.222668: {"stream":"ethusd_210924@bookTicker","data":{"u":167006097620,"e":"bookTicker","s":"ETHUSD_210924","ps":"ETHUSD","b":"1991.51","B":"471","a":"1991.52","A":"5581","T":1626916405279,"E":1626916405284}}
1626916409.222676: {"stream":"ethusd_210924@bookTicker","data":{"u":167006097673,"e":"bookTicker","s":"ETHUSD_210924","ps":"ETHUSD","b":"1991.51","B":"660","a":"1991.52","A":"5581","T":1626916405281,"E":1626916405288}}
1626916409.222683: {"stream":"ethusd_210924@bookTicker","data":{"u":167006097707,"e":"bookTicker","s":"ETHUSD_210924","ps":"ETHUSD","b":"1991.51","B":"670","a":"1991.52","A":"5581","T":1626916405282,"E":1626916405288}}
1626916409.222691: {"stream":"ethusd_210924@bookTicker","data":{"u":167006097710,"e":"bookTicker","s":"ETHUSD_210924","ps":"ETHUSD","b":"1991.51","B":"680","a":"1991.52","A":"5581","T":1626916405283,"E":1626916405288}}
1626916409.222698: {"stream":"ethusd_210924@bookTicker","data":{"u":167006097773,"e":"bookTicker","s":"ETHUSD_210924","ps":"ETHUSD","b":"1991.51","B":"680","a":"1991.52","A":"4646","T":1626916405286,"E":1626916405290}}
1626916409.2227058: {"stream":"ethusd_210924@bookTicker","data":{"u":167006097777,"e":"bookTicker","s":"ETHUSD_210924","ps":"ETHUSD","b":"1991.51","B":"690","a":"1991.52","A":"4646","T":1626916405286,"E":1626916405290}}
1626916409.222713: {"stream":"ethusd_210924@bookTicker","data":{"u":167006097808,"e":"bookTicker","s":"ETHUSD_210924","ps":"ETHUSD","b":"1991.51","B":"700","a":"1991.52","A":"4646","T":1626916405288,"E":1626916405293}}
1626916409.222721: {"stream":"bchusd_perp@bookTicker","data":{"u":167006097806,"e":"bookTicker","s":"BCHUSD_PERP","ps":"BCHUSD","b":"427.90","B":"193","a":"427.91","A":"174","T":1626916405287,"E":1626916405294}}
1626916409.222728: {"stream":"ethusd_210924@bookTicker","data":{"u":167006097836,"e":"bookTicker","s":"ETHUSD_210924","ps":"ETHUSD","b":"1991.51","B":"710","a":"1991.52","A":"4646","T":1626916405289,"E":1626916405295}}
1626916409.222736: {"stream":"ethusd_210924@depth@100ms","data":{"e":"depthUpdate","E":1626916405297,"T":1626916405290,"s":"ETHUSD_210924","ps":"ETHUSD","U":167006096358,"u":167006097864,"pu":167006096264,"b":[["1981.98","2500"],["1983.02","0"],["1986.32","627"],["1989.38","1306"],["1989.63","0"],["1989.67","0"],["1989.90","12"],["1989.98","50"],["1990.22","0"],["1990.39","0"],["1990.63","1500"],["1990.65","1052"],["1990.77","0"],["1990.94","1750"],["1991.16","0"],["1991.18","0"],["1991.20","522"],["1991.29","0"],["1991.30","259"],["1991.49","81"],["1991.50","0"],["1991.51","710"],["1991.52","0"],["1991.53","0"],["1991.59","0"],["1991.89","0"]],"a":[["1981.73","0"],["1991.51","0"],["1991.52","4646"],["1991.54","0"],["1991.60","20"],["1991.79","144"],["1991.80","240"],["1991.87","360"],["1991.88","1369"],["1991.89","3910"],["1991.90","2284"],["1991.96","0"],["1992.00","0"],["1992.04","480"],["1992.08","2034"],["1992.56","0"],["1992.60","1826"],["1992.66","1016"],["1993.01","60"],["1993.06","0"],["1993.14","0"],["1993.27","0"],["1993.31","0"],["1993.53","321"],["1993.54","0"],["1993.80","80"],["1993.99","0"],["1994.32","1500"],["1994.51","338"],["1994.64","338"],["1994.66","372"],["1994.82","372"],["1994.93","0"],["1995.14","406"],["1995.16","406"],["1995.67","440"],["1995.92","474"],["1996.30","0"],["1997.76","3000"],["1999.08","0"],["2001.85","2500"],["2002.90","360"]]}}
1626916409.22275: {"stream":"ethusd_210924@bookTicker","data":{"u":167006097899,"e":"bookTicker","s":"ETHUSD_210924","ps":"ETHUSD","b":"1991.51","B":"710","a":"1991.52","A":"4886","T":1626916405293,"E":1626916405299}}
1626916409.2227578: {"stream":"bchusd_perp@bookTicker","data":{"u":167006097897,"e":"bookTicker","s":"BCHUSD_PERP","ps":"BCHUSD","b":"427.90","B":"169","a":"427.91","A":"174","T":1626916405293,"E":1626916405299}}
1626916409.222765: {"stream":"etcusd_perp@bookTicker","data":{"u":167006097912,"e":"bookTicker","s":"ETCUSD_PERP","ps":"ETCUSD","b":"42.270","B":"90","a":"42.286","A":"100","T":1626916405295,"E":1626916405299}}
1626916409.222773: {"stream":"bchusd_perp@depth@100ms","data":{"e":"depthUpdate","E":1626916405304,"T":1626916405293,"s":"BCHUSD_PERP","ps":"BCHUSD","U":167006096477,"u":167006097897,"pu":167006095824,"b":[["424.92","610"],["427.71","0"],["427.90","169"]],"a":[["427.95","0"],["428.32","4249"],["428.40","63"]]}}
1626916409.222802: {"stream":"ethusd_210924@bookTicker","data":{"u":167006097969,"e":"bookTicker","s":"ETHUSD_210924","ps":"ETHUSD","b":"1991.51","B":"770","a":"1991.52","A":"4886","T":1626916405301,"E":1626916405307}}
1626916409.22281: {"stream":"linkusd_211231@depth@100ms","data":{"e":"depthUpdate","E":1626916405311,"T":1626916405283,"s":"LINKUSD_211231","ps":"LINKUSD","U":167006096548,"u":167006097721,"pu":167006091901,"b":[["15.285","105"],["15.304","0"]],"a":[["15.327","44"]]}}
1626916409.222817: {"stream":"xrpusd_perp@depth@100ms","data":{"e":"depthUpdate","E":1626916405313,"T":1626916405293,"s":"XRPUSD_PERP","ps":"XRPUSD","U":167006096636,"u":167006097894,"pu":167006096150,"b":[["0.5662","5271"],["0.5663","8179"]],"a":[["0.5666","0"],["0.5667","8158"],["0.5670","5798"],["0.5671","6950"],["0.5672","4072"]]}}
1626916409.222823: {"stream":"eosusd_perp@kline_1m","data":{"e":"kline","E":1626916405325,"s":"EOSUSD_PERP","k":{"t":1626916380000,"T":1626916439999,"s":"EOSUSD_PERP","i":"1m","f":17740774,"L":17740788,"o":"3.468","c":"3.467","h":"3.468","l":"3.467","v":"1595","n":15,"x":false,"q":"4599.30073932","V":"401","Q":"1156.28604383","B":"0"}}}
1626916409.222836: {"stream":"eosusd_perp@depth@100ms","data":{"e":"depthUpdate","E":1626916405324,"T":1626916405309,"s":"EOSUSD_PERP","ps":"EOSUSD","U":167006096768,"u":167006098075,"pu":167006096514,"b":[["3.457","2994"],["3.464","5689"],["3.465","7831"],["3.466","2662"],["3.467","954"],["3.468","0"]],"a":[["3.468","400"],["3.474","3589"],["3.475","2916"],["3.478","6285"]]}}
1626916409.222843: {"stream":"eosusd_perp@bookTicker","data":{"u":167006098303,"e":"bookTicker","s":"EOSUSD_PERP","ps":"EOSUSD","b":"3.467","B":"298","a":"3.468","A":"400","T":1626916405320,"E":1626916405325}}
1626916409.222851: {"stream":"ethusd_210924@bookTicker","data":{"u":167006098518,"e":"bookTicker","s":"ETHUSD_210924","ps":"ETHUSD","b":"1991.51","B":"500","a":"1991.52","A":"4886","T":1626916405329,"E":1626916405336}}
1626916409.222859: {"stream":"btcusd_211231@bookTicker","data":{"u":167006098613,"e":"bookTicker","s":"BTCUSD_211231","ps":"BTCUSD","b":"32634.0","B":"77","a":"32634.1","A":"16","T":1626916405332,"E":1626916405338}}
1626916409.222867: {"stream":"eosusd_perp@bookTicker","data":{"u":167006098616,"e":"bookTicker","s":"EOSUSD_PERP","ps":"EOSUSD","b":"3.467","B":"474","a":"3.468","A":"400","T":1626916405332,"E":1626916405339}}
1626916409.222877: {"stream":"eosusd_perp@bookTicker","data":{"u":167006098636,"e":"bookTicker","s":"EOSUSD_PERP","ps":"EOSUSD","b":"3.467","B":"602","a":"3.468","A":"400","T":1626916405332,"E":1626916405340}}
1626916409.2228842: {"stream":"eosusd_perp@bookTicker","data":{"u":167006098638,"e":"bookTicker","s":"EOSUSD_PERP","ps":"EOSUSD","b":"3.467","B":"700","a":"3.468","A":"400","T":1626916405333,"E":1626916405340}}
1626916409.222892: {"stream":"eosusd_perp@bookTicker","data":{"u":167006098685,"e":"bookTicker","s":"EOSUSD_PERP","ps":"EOSUSD","b":"3.467","B":"700","a":"3.468","A":"3840","T":1626916405334,"E":1626916405341}}
1626916409.222899: {"stream":"eosusd_perp@bookTicker","data":{"u":167006098687,"e":"bookTicker","s":"EOSUSD_PERP","ps":"EOSUSD","b":"3.467","B":"700","a":"3.468","A":"4753","T":1626916405334,"E":1626916405341}}
1626916409.2229068: {"stream":"eosusd_perp@bookTicker","data":{"u":167006098695,"e":"bookTicker","s":"EOSUSD_PERP","ps":"EOSUSD","b":"3.467","B":"700","a":"3.468","A":"5133","T":1626916405335,"E":1626916405341}}
1626916409.222914: {"stream":"xrpusd_perp@kline_1m","data":{"e":"kline","E":1626916405342,"s":"XRPUSD_PERP","k":{"t":1626916380000,"T":1626916439999,"s":"XRPUSD_PERP","i":"1m","f":51826883,"L":51826895,"o":"0.5669","c":"0.5666","h":"0.5669","l":"0.5666","v":"1878","n":13,"x":false,"q":"33136.37055725","V":"0","Q":"0.00000000","B":"0"}}}
1626916409.2229261: {"stream":"xrpusd_perp@bookTicker","data":{"u":167006098777,"e":"bookTicker","s":"XRPUSD_PERP","ps":"XRPUSD","b":"0.5665","B":"847","a":"0.5667","A":"8158","T":1626916405337,"E":1626916405342}}
1626916409.222934: {"stream":"linkusd_perp@bookTicker","data":{"u":167006098816,"e":"bookTicker","s":"LINKUSD_PERP","ps":"LINKUSD","b":"15.068","B":"77","a":"15.069","A":"546","T":1626916405338,"E":1626916405344}}
1626916409.2229419: {"stream":"btcusd_211231@bookTicker","data":{"u":167006098900,"e":"bookTicker","s":"BTCUSD_211231","ps":"BTCUSD","b":"32634.0","B":"77","a":"32634.1","A":"78","T":1626916405342,"E":1626916405347}}
1626916409.22295: {"stream":"eosusd_perp@bookTicker","data":{"u":167006098989,"e":"bookTicker","s":"EOSUSD_PERP","ps":"EOSUSD","b":"3.467","B":"402","a":"3.468","A":"5133","T":1626916405345,"E":1626916405349}}
1626916409.222958: {"stream":"xrpusd_perp@bookTicker","data":{"u":167006099078,"e":"bookTicker","s":"XRPUSD_PERP","ps":"XRPUSD","b":"0.5665","B":"847","a":"0.5666","A":"99","T":1626916405349,"E":1626916405354}}
1626916409.222965: {"stream":"xrpusd_perp@bookTicker","data":{"u":167006099109,"e":"bookTicker","s":"XRPUSD_PERP","ps":"XRPUSD","b":"0.5665","B":"847","a":"0.5666","A":"2779","T":1626916405350,"E":1626916405355}}
1626916409.2229729: {"stream":"xrpusd_perp@bookTicker","data":{"u":167006099141,"e":"bookTicker","s":"XRPUSD_PERP","ps":"XRPUSD","b":"0.5665","B":"847","a":"0.5666","A":"4395","T":1626916405351,"E":1626916405355}}
1626916409.2229812: {"stream":"xrpusd_perp@bookTicker","data":{"u":167006099172,"e":"bookTicker","s":"XRPUSD_PERP","ps":"XRPUSD","b":"0.5665","B":"847","a":"0.5666","A":"4695","T":1626916405352,"E":1626916405357}}
1626916409.2229881: {"stream":"xrpusd_perp@bookTicker","data":{"u":167006099195,"e":"bookTicker","s":"XRPUSD_PERP","ps":"XRPUSD","b":"0.5665","B":"847","a":"0.5666","A":"5004","T":1626916405352,"E":1626916405357}}
1626916409.222998: {"stream":"bchusd_210924@bookTicker","data":{"u":167006099156,"e":"bookTicker","s":"BCHUSD_210924","ps":"BCHUSD","b":"429.35","B":"200","a":"429.54","A":"20","T":1626916405351,"E":1626916405357}}
