wss://stream.binance.us:9443/stream?streams=omgusd@depth@100ms/atomusdt@depth@100ms/bchusdt@depth@100ms/busdusd@depth@100ms/zrxusd@depth@100ms/ethbusd@depth@100ms/usdtusd@depth@100ms/zenusd@depth@100ms/btcusdt@depth@100ms/xlmusdt@depth@100ms/omgusd@aggTrade/atomusdt@aggTrade/bchusdt@aggTrade/busdusd@aggTrade/zrxusd@aggTrade/ethbusd@aggTrade/usdtusd@aggTrade/zenusd@aggTrade/btcusdt@aggTrade/xlmusdt@aggTrade/omgusd@bookTicker/atomusdt@bookTicker/bchusdt@bookTicker/busdusd@bookTicker/zrxusd@bookTicker/ethbusd@bookTicker/usdtusd@bookTicker/zenusd@bookTicker/btcusdt@bookTicker/xlmusdt@bookTicker <-> 1618677408.2868
1618677408.499744: {"stream":"bchusdt@depth@100ms","data":{"e":"depthUpdate","E":1618677408520,"s":"BCHUSDT","U":123517964,"u":123517964,"b":[["990.79000000","0.02524000"]],"a":[]}}
1618677408.697398: {"stream":"xlmusdt@depth@100ms","data":{"e":"depthUpdate","E":1618677408719,"s":"XLMUSDT","U":134557740,"u":134557740,"b":[["0.57499000","43.50000000"]],"a":[]}}
1618677408.735046: {"stream":"btcusdt@depth@100ms","data":{"e":"depthUpdate","E":1618677408719,"s":"BTCUSDT","U":372026684,"u":372026685,"b":[["60330.82000000","0.12512800"],["60276.25000000","0.01212200"]],"a":[]}}
1618677408.781831: {"stream":"bchusdt@depth@100ms","data":{"e":"depthUpdate","E":1618677408719,"s":"BCHUSDT","U":123517965,"u":123517966,"b":[["1045.68000000","0.67407000"]],"a":[["1055.33000000","4.68630000"]]}}
1618677408.9001658: {"stream":"btcusdt@depth@100ms","data":{"e":"depthUpdate","E":1618677408921,"s":"BTCUSDT","U":372026686,"u":372026687,"b":[],"a":[["60511.37000000","0.00904000"],["60561.32000000","0.00000000"]]}}
1618677408.9990559: {"stream":"bchusdt@depth@100ms","data":{"e":"depthUpdate","E":1618677409019,"s":"BCHUSDT","U":123517967,"u":123517967,"b":[],"a":[["1058.76000000","0.00000000"]]}}
1618677409.096801: {"stream":"bchusdt@depth@100ms","data":{"e":"depthUpdate","E":1618677409119,"s":"BCHUSDT","U":123517968,"u":123517970,"b":[],"a":[["1052.29000000","0.00000000"],["1053.25000000","0.95042000"],["1105.99000000","11.11568000"]]}}
1618677409.099061: {"stream":"btcusdt@depth@100ms","data":{"e":"depthUpdate","E":1618677409119,"s":"BTCUSDT","U":372026688,"u":372026688,"b":[["60330.82000000","0.00000000"]],"a":[]}}
1618677409.1241338: {"stream":"omgusd@bookTicker","data":{"u":66532560,"s":"OMGUSD","b":"9.5356","B":"94.04000000","a":"9.5584","A":"259.47000000"}}
1618677409.182063: {"stream":"bchusdt@bookTicker","data":{"u":123517978,"s":"BCHUSDT","b":"1049.99000000","B":"0.72672000","a":"1051.65000000","A":"0.42203000"}}
1618677409.197967: {"stream":"btcusdt@depth@100ms","data":{"e":"depthUpdate","E":1618677409219,"s":"BTCUSDT","U":372026689,"u":372026690,"b":[["60423.73000000","0.00000000"]],"a":[["60490.44000000","0.00000000"]]}}
1618677409.198158: {"stream":"bchusdt@depth@100ms","data":{"e":"depthUpdate","E":1618677409219,"s":"BCHUSDT","U":123517971,"u":123517978,"b":[["1049.99000000","0.72672000"],["1023.48000000","0.00000000"]],"a":[["1051.66000000","0.00000000"],["1129.40000000","0.00000000"],["1130.56000000","0.00000000"],["1131.98000000","0.00000000"],["1134.85000000","0.00000000"],["1136.21000000","0.00000000"]]}}
1618677409.198325: {"stream":"omgusd@depth@100ms","data":{"e":"depthUpdate","E":1618677409219,"s":"OMGUSD","U":66532560,"u":66532560,"b":[],"a":[["9.5584","259.47000000"]]}}
1618677409.236802: {"stream":"bchusdt@bookTicker","data":{"u":123517979,"s":"BCHUSDT","b":"1049.99000000","B":"0.72672000","a":"1052.15000000","A":"0.91759000"}}
1618677409.2994518: {"stream":"xlmusdt@depth@100ms","data":{"e":"depthUpdate","E":1618677409321,"s":"XLMUSDT","U":134557741,"u":134557741,"b":[["0.59989000","0.00000000"]],"a":[]}}
1618677409.299606: {"stream":"btcusdt@depth@100ms","data":{"e":"depthUpdate","E":1618677409321,"s":"BTCUSDT","U":372026691,"u":372026692,"b":[["60428.52000000","0.08000000"]],"a":[["60496.82000000","0.08000000"]]}}
1618677409.299705: {"stream":"bchusdt@depth@100ms","data":{"e":"depthUpdate","E":1618677409321,"s":"BCHUSDT","U":123517979,"u":123517980,"b":[],"a":[["1051.65000000","0.00000000"],["1052.59000000","0.40940000"]]}}
1618677409.362297: {"stream":"bchusdt@bookTicker","data":{"u":123517983,"s":"BCHUSDT","b":"1049.99000000","B":"0.72672000","a":"1052.16000000","A":"25.30878000"}}
1618677409.3996842: {"stream":"bchusdt@depth@100ms","data":{"e":"depthUpdate","E":1618677409419,"s":"BCHUSDT","U":123517981,"u":123517983,"b":[],"a":[["1052.15000000","0.00000000"],["1052.59000000","0.00000000"],["1053.24000000","0.40940000"]]}}
1618677409.49917: {"stream":"bchusdt@depth@100ms","data":{"e":"depthUpdate","E":1618677409520,"s":"BCHUSDT","U":123517984,"u":123517985,"b":[],"a":[["1052.59000000","0.40940000"],["1053.24000000","0.00000000"]]}}
1618677409.530423: {"stream":"bchusdt@bookTicker","data":{"u":123517986,"s":"BCHUSDT","b":"1049.99000000","B":"0.72672000","a":"1052.59000000","A":"0.40940000"}}
1618677409.601045: {"stream":"xlmusdt@depth@100ms","data":{"e":"depthUpdate","E":1618677409620,"s":"XLMUSDT","U":134557742,"u":134557744,"b":[["0.59989000","404.60000000"]],"a":[["0.60134000","0.00000000"],["0.60162000","3324.10000000"]]}}
1618677409.601239: {"stream":"bchusdt@depth@100ms","data":{"e":"depthUpdate","E":1618677409619,"s":"BCHUSDT","U":123517986,"u":123517986,"b":[],"a":[["1052.16000000","0.00000000"]]}}
1618677409.605571: {"stream":"bchusdt@bookTicker","data":{"u":123517987,"s":"BCHUSDT","b":"1049.99000000","B":"0.72672000","a":"1052.60000000","A":"0.86131000"}}
1618677409.649892: {"stream":"bchusdt@bookTicker","data":{"u":123517990,"s":"BCHUSDT","b":"1050.06000000","B":"0.95011000","a":"1052.60000000","A":"0.86131000"}}
1618677409.692658: {"stream":"xlmusdt@bookTicker","data":{"u":134557746,"s":"XLMUSDT","b":"0.60044000","B":"499.60000000","a":"0.60145000","A":"1925.20000000"}}
1618677409.699106: {"stream":"xlmusdt@depth@100ms","data":{"e":"depthUpdate","E":1618677409721,"s":"XLMUSDT","U":134557745,"u":134557747,"b":[["0.59989000","0.00000000"]],"a":[["0.60132000","0.00000000"],["0.64538000","26577.70000000"]]}}
1618677409.6992378: {"stream":"btcusdt@depth@100ms","data":{"e":"depthUpdate","E":1618677409721,"s":"BTCUSDT","U":372026693,"u":372026694,"b":[["60254.16000000","0.00000000"]],"a":[["60479.48000000","0.00000000"]]}}
1618677409.6992981: {"stream":"bchusdt@depth@100ms","data":{"e":"depthUpdate","E":1618677409721,"s":"BCHUSDT","U":123517987,"u":123517990,"b":[["1050.06000000","0.95011000"],["1049.15000000","0.00000000"]],"a":[["1052.59000000","0.00000000"],["1053.24000000","0.42169000"]]}}
1618677409.717985: {"stream":"btcusdt@bookTicker","data":{"u":372026697,"s":"BTCUSDT","b":"60457.34000000","B":"0.09916400","a":"60464.64000000","A":"0.02512800"}}
1618677409.7672582: {"stream":"btcusdt@bookTicker","data":{"u":372026699,"s":"BTCUSDT","b":"60457.34000000","B":"0.09916400","a":"60472.05000000","A":"0.00676700"}}
1618677409.770988: {"stream":"btcusdt@bookTicker","data":{"u":372026701,"s":"BTCUSDT","b":"60464.63000000","B":"0.02280400","a":"60472.05000000","A":"0.00676700"}}
1618677409.798316: {"stream":"btcusdt@depth@100ms","data":{"e":"depthUpdate","E":1618677409820,"s":"BTCUSDT","U":372026695,"u":372026703,"b":[["60464.63000000","0.02280400"],["60457.34000000","0.09916400"],["60451.66000000","0.00000000"]],"a":[["60464.64000000","0.00000000"],["60472.06000000","0.00000000"],["60490.46000000","0.00000000"],["60508.52000000","0.13221900"],["60733.48000000","0.33252600"],["60746.43000000","0.40686300"]]}}
1618677409.805426: {"stream":"btcusdt@bookTicker","data":{"u":372026705,"s":"BTCUSDT","b":"60464.63000000","B":"0.02280400","a":"60478.20000000","A":"0.03350600"}}
1618677409.8055098: {"stream":"btcusdt@bookTicker","data":{"u":372026706,"s":"BTCUSDT","b":"60464.64000000","B":"0.00670200","a":"60478.20000000","A":"0.03350600"}}
1618677409.829676: {"stream":"ethbusd@bookTicker","data":{"u":56401136,"s":"ETHBUSD","b":"2358.69000000","B":"0.11907000","a":"2363.54000000","A":"0.14071000"}}
1618677409.89844: {"stream":"xlmusdt@depth@100ms","data":{"e":"depthUpdate","E":1618677409920,"s":"XLMUSDT","U":134557748,"u":134557752,"b":[["0.60026000","3323.30000000"],["0.59994000","0.00000000"],["0.59990000","404.60000000"]],"a":[["0.60146000","0.00000000"],["0.60176000","3323.30000000"]]}}
1618677409.898654: {"stream":"btcusdt@depth@100ms","data":{"e":"depthUpdate","E":1618677409920,"s":"BTCUSDT","U":372026704,"u":372026707,"b":[["60464.64000000","0.00670200"],["60454.20000000","0.00000000"]],"a":[["60472.05000000","0.00000000"],["60479.58000000","0.00670200"]]}}
1618677409.898775: {"stream":"ethbusd@depth@100ms","data":{"e":"depthUpdate","E":1618677409920,"s":"ETHBUSD","U":56401136,"u":56401136,"b":[["2358.69000000","0.11907000"]],"a":[]}}
1618677409.962904: {"stream":"xlmusdt@bookTicker","data":{"u":134557753,"s":"XLMUSDT","b":"0.60044000","B":"499.60000000","a":"0.60162000","A":"3324.10000000"}}
1618677410.002133: {"stream":"xlmusdt@depth@100ms","data":{"e":"depthUpdate","E":1618677410021,"s":"XLMUSDT","U":134557753,"u":134557753,"b":[],"a":[["0.60145000","0.00000000"]]}}
1618677410.002283: {"stream":"btcusdt@depth@100ms","data":{"e":"depthUpdate","E":1618677410021,"s":"BTCUSDT","U":372026708,"u":372026712,"b":[["60454.19000000","0.00000000"],["60384.37000000","0.00000000"]],"a":[["60479.58000000","0.00000000"],["60479.59000000","0.00000000"],["60484.78000000","0.00670200"]]}}
1618677410.002444: {"stream":"ethbusd@depth@100ms","data":{"e":"depthUpdate","E":1618677410021,"s":"ETHBUSD","U":56401137,"u":56401138,"b":[["2357.62000000","0.00000000"]],"a":[["2423.35000000","0.00000000"]]}}
1618677410.09895: {"stream":"ethbusd@depth@100ms","data":{"e":"depthUpdate","E":1618677410120,"s":"ETHBUSD","U":56401139,"u":56401142,"b":[["2358.68000000","1.34695000"],["2354.02000000","0.05400000"],["2351.94000000","0.00000000"]],"a":[["2364.05000000","0.00000000"]]}}
1618677410.0991502: {"stream":"xlmusdt@depth@100ms","data":{"e":"depthUpdate","E":1618677410120,"s":"XLMUSDT","U":134557754,"u":134557754,"b":[["0.59990000","0.00000000"]],"a":[]}}
1618677410.0992482: {"stream":"btcusdt@depth@100ms","data":{"e":"depthUpdate","E":1618677410120,"s":"BTCUSDT","U":372026713,"u":372026717,"b":[["60456.31000000","0.00000000"],["60392.10000000","0.01000000"]],"a":[["60481.70000000","0.00000000"]]}}
1618677410.168457: {"stream":"xlmusdt@bookTicker","data":{"u":134557755,"s":"XLMUSDT","b":"0.60044000","B":"499.60000000","a":"0.60170000","A":"3570.60000000"}}
1618677410.1987011: {"stream":"zrxusd@depth@100ms","data":{"e":"depthUpdate","E":1618677410220,"s":"ZRXUSD","U":51775863,"u":51775863,"b":[],"a":[["2.0922","1245.12000000"]]}}
1618677410.262516: {"stream":"ethbusd@depth@100ms","data":{"e":"depthUpdate","E":1618677410220,"s":"ETHBUSD","U":56401143,"u":56401144,"b":[["2358.10000000","0.00000000"],["2356.36000000","1.36984000"]],"a":[]}}
1618677410.262581: {"stream":"omgusd@depth@100ms","data":{"e":"depthUpdate","E":1618677410220,"s":"OMGUSD","U":66532561,"u":66532562,"b":[],"a":[["9.5665","803.50000000"],["9.5804","0.00000000"]]}}
1618677410.262624: {"stream":"xlmusdt@depth@100ms","data":{"e":"depthUpdate","E":1618677410220,"s":"XLMUSDT","U":134557755,"u":134557755,"b":[],"a":[["0.60162000","0.00000000"]]}}
1618677410.262657: {"stream":"btcusdt@depth@100ms","data":{"e":"depthUpdate","E":1618677410220,"s":"BTCUSDT","U":372026718,"u":372026722,"b":[["60464.27000000","0.00000000"]],"a":[["60489.67000000","0.00000000"],["60496.82000000","0.00000000"]]}}
1618677410.2626932: {"stream":"btcusdt@bookTicker","data":{"u":372026725,"s":"BTCUSDT","b":"60465.78000000","B":"0.08026000","a":"60478.20000000","A":"0.03350600"}}
1618677410.26271: {"stream":"ethbusd@bookTicker","data":{"u":56401145,"s":"ETHBUSD","b":"2359.32000000","B":"0.84673000","a":"2363.54000000","A":"0.14071000"}}
1618677410.299105: {"stream":"xlmusdt@depth@100ms","data":{"e":"depthUpdate","E":1618677410320,"s":"XLMUSDT","U":134557756,"u":134557756,"b":[],"a":[["0.60189000","5581.20000000"]]}}
1618677410.299236: {"stream":"btcusdt@depth@100ms","data":{"e":"depthUpdate","E":1618677410320,"s":"BTCUSDT","U":372026723,"u":372026728,"b":[["60465.78000000","0.08026000"],["60457.34000000","0.00000000"],["60428.52000000","0.00000000"],["60428.46000000","0.00000000"]],"a":[["60491.18000000","0.07971000"],["60506.07000000","0.08000000"]]}}
1618677410.299387: {"stream":"zrxusd@depth@100ms","data":{"e":"depthUpdate","E":1618677410320,"s":"ZRXUSD","U":51775864,"u":51775865,"b":[["2.0793","495.00000000"],["2.0775","0.00000000"]],"a":[]}}
1618677410.299446: {"stream":"ethbusd@depth@100ms","data":{"e":"depthUpdate","E":1618677410320,"s":"ETHBUSD","U":56401145,"u":56401146,"b":[["2359.32000000","0.84673000"]],"a":[["2365.14000000","0.84689000"]]}}
1618677410.308347: {"stream":"btcusdt@bookTicker","data":{"u":372026730,"s":"BTCUSDT","b":"60465.79000000","B":"0.00670200","a":"60478.20000000","A":"0.03350600"}}
1618677410.327499: {"stream":"atomusdt@bookTicker","data":{"u":71292117,"s":"ATOMUSDT","b":"25.13400000","B":"39.70600000","a":"25.19200000","A":"39.68700000"}}
1618677410.3984761: {"stream":"atomusdt@depth@100ms","data":{"e":"depthUpdate","E":1618677410420,"s":"ATOMUSDT","U":71292116,"u":71292117,"b":[],"a":[["25.17700000","0.00000000"],["27.95100000","637.68500000"]]}}
1618677410.439168: {"stream":"btcusdt@depth@100ms","data":{"e":"depthUpdate","E":1618677410420,"s":"BTCUSDT","U":372026729,"u":372026734,"b":[["60465.79000000","0.00670200"],["60464.64000000","0.00000000"],["60463.34000000","0.09915500"],["60453.16000000","0.13220600"]],"a":[["60491.50000000","0.09915500"],["60511.36000000","0.02098500"]]}}
1618677410.43926: {"stream":"ethbusd@depth@100ms","data":{"e":"depthUpdate","E":1618677410420,"s":"ETHBUSD","U":56401147,"u":56401147,"b":[],"a":[["2364.65000000","0.00000000"]]}}
1618677410.4956238: {"stream":"zrxusd@bookTicker","data":{"u":51775869,"s":"ZRXUSD","b":"2.0821","B":"719.72000000","a":"2.0880","A":"274.77000000"}}
1618677410.500018: {"stream":"ethbusd@depth@100ms","data":{"e":"depthUpdate","E":1618677410520,"s":"ETHBUSD","U":56401148,"u":56401149,"b":[["2356.71000000","0.00000000"],["2356.36000000","0.00000000"]],"a":[]}}
1618677410.500183: {"stream":"xlmusdt@depth@100ms","data":{"e":"depthUpdate","E":1618677410520,"s":"XLMUSDT","U":134557757,"u":134557757,"b":[["0.60008000","0.00000000"]],"a":[]}}
1618677410.500275: {"stream":"btcusdt@depth@100ms","data":{"e":"depthUpdate","E":1618677410520,"s":"BTCUSDT","U":372026735,"u":372026740,"b":[["60465.78000000","0.00000000"],["60463.34000000","0.00000000"],["60453.18000000","0.08000000"]],"a":[["60491.18000000","0.00000000"],["60491.50000000","0.00000000"],["60498.85000000","0.00000000"]]}}
1618677410.5003672: {"stream":"zrxusd@depth@100ms","data":{"e":"depthUpdate","E":1618677410520,"s":"ZRXUSD","U":51775866,"u":51775869,"b":[["2.0793","0.00000000"],["2.0775","495.00000000"]],"a":[["2.0861","0.00000000"],["2.0936","627.68000000"]]}}
1618677410.523768: {"stream":"zrxusd@bookTicker","data":{"u":51775872,"s":"ZRXUSD","b":"2.0821","B":"719.72000000","a":"2.0869","A":"719.26000000"}}
1618677410.6016982: {"stream":"zenusd@depth@100ms","data":{"e":"depthUpdate","E":1618677410620,"s":"ZENUSD","U":6596069,"u":6596070,"b":[["120.7830","3.14000000"],["120.5510","10.61000000"]],"a":[]}}
1618677410.638726: {"stream":"bchusdt@depth@100ms","data":{"e":"depthUpdate","E":1618677410620,"s":"BCHUSDT","U":123517991,"u":123517991,"b":[["1048.99000000","6.00000000"]],"a":[]}}
1618677410.6387908: {"stream":"xlmusdt@depth@100ms","data":{"e":"depthUpdate","E":1618677410620,"s":"XLMUSDT","U":134557758,"u":134557758,"b":[["0.59992000","404.60000000"]],"a":[]}}
1618677410.63884: {"stream":"btcusdt@depth@100ms","data":{"e":"depthUpdate","E":1618677410620,"s":"BTCUSDT","U":372026741,"u":372026741,"b":[],"a":[["60497.68000000","0.08026000"]]}}
1618677410.638887: {"stream":"zrxusd@depth@100ms","data":{"e":"depthUpdate","E":1618677410620,"s":"ZRXUSD","U":51775870,"u":51775872,"b":[["2.0793","495.00000000"],["2.0775","0.00000000"]],"a":[["2.0869","719.26000000"]]}}
1618677410.638935: {"stream":"ethbusd@depth@100ms","data":{"e":"depthUpdate","E":1618677410620,"s":"ETHBUSD","U":56401150,"u":56401150,"b":[],"a":[["2365.76000000","0.84666000"]]}}
1618677410.638963: {"stream":"btcusdt@bookTicker","data":{"u":372026742,"s":"BTCUSDT","b":"60472.27000000","B":"0.07981000","a":"60478.20000000","A":"0.03350600"}}
1618677410.6471748: {"stream":"ethbusd@bookTicker","data":{"u":56401152,"s":"ETHBUSD","b":"2360.63000000","B":"1.16070000","a":"2363.54000000","A":"0.14071000"}}
1618677410.699431: {"stream":"ethbusd@depth@100ms","data":{"e":"depthUpdate","E":1618677410720,"s":"ETHBUSD","U":56401151,"u":56401153,"b":[["2360.63000000","1.16070000"],["2357.74000000","0.80293000"],["2304.59000000","0.00000000"]],"a":[]}}
1618677410.699615: {"stream":"xlmusdt@depth@100ms","data":{"e":"depthUpdate","E":1618677410720,"s":"XLMUSDT","U":134557759,"u":134557760,"b":[],"a":[["0.61101000","0.00000000"],["0.61726000","11790.00000000"]]}}
1618677410.699717: {"stream":"btcusdt@depth@100ms","data":{"e":"depthUpdate","E":1618677410720,"s":"BTCUSDT","U":372026742,"u":372026742,"b":[["60472.27000000","0.07981000"]],"a":[]}}
1618677410.6997828: {"stream":"zrxusd@depth@100ms","data":{"e":"depthUpdate","E":1618677410720,"s":"ZRXUSD","U":51775873,"u":51775873,"b":[],"a":[["2.0936","0.00000000"]]}}
1618677410.699824: {"stream":"bchusdt@depth@100ms","data":{"e":"depthUpdate","E":1618677410720,"s":"BCHUSDT","U":123517992,"u":123517992,"b":[],"a":[["1053.22000000","34.56625000"]]}}
1618677410.705722: {"stream":"ethbusd@bookTicker","data":{"u":56401154,"s":"ETHBUSD","b":"2360.63000000","B":"1.16070000","a":"2363.55000000","A":"1.70002000"}}
1618677410.773168: {"stream":"btcusdt@bookTicker","data":{"u":372026746,"s":"BTCUSDT","b":"60472.27000000","B":"0.07981000","a":"60484.79000000","A":"0.03385000"}}
1618677410.783231: {"stream":"btcusdt@bookTicker","data":{"u":372026748,"s":"BTCUSDT","b":"60474.69000000","B":"0.03012200","a":"60484.79000000","A":"0.03385000"}}
1618677410.799804: {"stream":"ethbusd@depth@100ms","data":{"e":"depthUpdate","E":1618677410821,"s":"ETHBUSD","U":56401154,"u":56401155,"b":[],"a":[["2363.54000000","0.00000000"],["2365.13000000","0.13108000"]]}}
1618677410.799973: {"stream":"btcusdt@depth@100ms","data":{"e":"depthUpdate","E":1618677410821,"s":"BTCUSDT","U":372026743,"u":372026749,"b":[["60474.69000000","0.03012200"],["60454.74000000","0.07894400"],["60268.69000000","0.00000000"]],"a":[["60478.20000000","0.00000000"],["60484.78000000","0.00000000"],["60491.16000000","0.00666000"],["60757.57000000","0.41021200"]]}}
1618677410.800137: {"stream":"bchusdt@depth@100ms","data":{"e":"depthUpdate","E":1618677410821,"s":"BCHUSDT","U":123517993,"u":123517997,"b":[["1048.99000000","0.00000000"],["1048.56000000","0.00000000"]],"a":[["1053.21000000","0.42507000"],["1053.24000000","0.00000000"],["1053.25000000","0.00000000"]]}}
1618677410.808047: {"stream":"btcusdt@bookTicker","data":{"u":372026751,"s":"BTCUSDT","b":"60474.70000000","B":"0.00666000","a":"60484.79000000","A":"0.03385000"}}
1618677410.9006772: {"stream":"xlmusdt@depth@100ms","data":{"e":"depthUpdate","E":1618677410920,"s":"XLMUSDT","U":134557761,"u":134557761,"b":[["0.60041000","3322.50000000"]],"a":[]}}
1618677410.9008331: {"stream":"btcusdt@depth@100ms","data":{"e":"depthUpdate","E":1618677410920,"s":"BTCUSDT","U":372026750,"u":372026751,"b":[["60474.70000000","0.00666000"],["60465.79000000","0.00000000"]],"a":[]}}
1618677410.900943: {"stream":"bchusdt@depth@100ms","data":{"e":"depthUpdate","E":1618677410920,"s":"BCHUSDT","U":123517998,"u":123518000,"b":[["1049.99000000","2.15114000"],["1049.09000000","6.00000000"]],"a":[["1054.14000000","0.94961000"]]}}
1618677410.901002: {"stream":"zrxusd@depth@100ms","data":{"e":"depthUpdate","E":1618677410920,"s":"ZRXUSD","U":51775874,"u":51775874,"b":[],"a":[["2.0938","628.14000000"]]}}
1618677410.940147: {"stream":"btcusdt@bookTicker","data":{"u":372026756,"s":"BTCUSDT","b":"60475.56000000","B":"0.08048000","a":"60484.79000000","A":"0.03385000"}}
1618677410.999922: {"stream":"atomusdt@depth@100ms","data":{"e":"depthUpdate","E":1618677411020,"s":"ATOMUSDT","U":71292118,"u":71292118,"b":[["24.98700000","0.00000000"]],"a":[]}}
1618677411.0000808: {"stream":"ethbusd@depth@100ms","data":{"e":"depthUpdate","E":1618677411020,"s":"ETHBUSD","U":56401156,"u":56401157,"b":[["2350.47000000","0.00000000"]],"a":[["2423.28000000","0.01025000"]]}}
1618677411.000191: {"stream":"xlmusdt@depth@100ms","data":{"e":"depthUpdate","E":1618677411020,"s":"XLMUSDT","U":134557762,"u":134557762,"b":[["0.59992000","0.00000000"]],"a":[]}}
1618677411.000235: {"stream":"btcusdt@depth@100ms","data":{"e":"depthUpdate","E":1618677411020,"s":"BTCUSDT","U":372026752,"u":372026762,"b":[["60475.56000000","0.08048000"],["60472.27000000","0.00000000"],["60469.78000000","0.00000000"],["60462.45000000","0.13218600"],["60444.77000000","0.00000000"]],"a":[["60497.60000000","0.00000000"],["60497.68000000","0.00000000"],["60500.97000000","0.07972000"],["60520.87000000","0.13219200"]]}}
1618677411.006228: {"stream":"btcusdt@bookTicker","data":{"u":372026764,"s":"BTCUSDT","b":"60475.57000000","B":"0.00666000","a":"60484.79000000","A":"0.03385000"}}
1618677411.099505: {"stream":"ethbusd@depth@100ms","data":{"e":"depthUpdate","E":1618677411121,"s":"ETHBUSD","U":56401158,"u":56401159,"b":[["2358.68000000","0.84695000"],["2354.02000000","0.00000000"]],"a":[]}}
1618677411.099676: {"stream":"btcusdt@depth@100ms","data":{"e":"depthUpdate","E":1618677411121,"s":"BTCUSDT","U":372026763,"u":372026769,"b":[["60475.57000000","0.00666000"],["60474.70000000","0.00000000"]],"a":[["60491.16000000","0.00000000"],["60497.54000000","0.00666000"],["60506.07000000","0.00000000"],["60516.40000000","0.00000000"],["60540.08000000","0.00866000"]]}}
1618677411.1988852: {"stream":"xlmusdt@depth@100ms","data":{"e":"depthUpdate","E":1618677411220,"s":"XLMUSDT","U":134557763,"u":134557766,"b":[["0.60026000","0.00000000"]],"a":[["0.60176000","0.00000000"],["0.60383000","0.00000000"],["0.60532000","80665.00000000"]]}}
1618677411.199105: {"stream":"btcusdt@depth@100ms","data":{"e":"depthUpdate","E":1618677411220,"s":"BTCUSDT","U":372026770,"u":372026772,"b":[["60444.88000000","0.02098200"]],"a":[["60491.16000000","0.00666000"],["60497.54000000","0.00000000"]]}}
1618677411.199177: {"stream":"zrxusd@depth@100ms","data":{"e":"depthUpdate","E":1618677411221,"s":"ZRXUSD","U":51775875,"u":51775875,"b":[],"a":[["2.0938","0.00000000"]]}}
1618677411.199221: {"stream":"ethbusd@depth@100ms","data":{"e":"depthUpdate","E":1618677411220,"s":"ETHBUSD","U":56401160,"u":56401160,"b":[["2351.94000000","0.05400000"]],"a":[]}}
1618677411.199258: {"stream":"bchusdt@depth@100ms","data":{"e":"depthUpdate","E":1618677411220,"s":"BCHUSDT","U":123518001,"u":123518001,"b":[["1049.16000000","0.00000000"]],"a":[]}}
1618677411.299695: {"stream":"xlmusdt@depth@100ms","data":{"e":"depthUpdate","E":1618677411321,"s":"XLMUSDT","U":134557767,"u":134557768,"b":[["0.60029000","5443.40000000"]],"a":[["0.60206000","3321.70000000"]]}}
1618677411.2998762: {"stream":"btcusdt@depth@100ms","data":{"e":"depthUpdate","E":1618677411321,"s":"BTCUSDT","U":372026773,"u":372026773,"b":[],"a":[["60516.23000000","0.08000000"]]}}
1618677411.299965: {"stream":"ethbusd@depth@100ms","data":{"e":"depthUpdate","E":1618677411321,"s":"ETHBUSD","U":56401161,"u":56401162,"b":[["2354.02000000","0.05400000"],["2351.94000000","0.00000000"]],"a":[]}}
1618677411.399083: {"stream":"zrxusd@depth@100ms","data":{"e":"depthUpdate","E":1618677411421,"s":"ZRXUSD","U":51775876,"u":51775876,"b":[],"a":[["2.0938","602.57000000"]]}}
1618677411.404116: {"stream":"btcusdt@bookTicker","data":{"u":372026775,"s":"BTCUSDT","b":"60475.79000000","B":"0.09913400","a":"60484.79000000","A":"0.03385000"}}
1618677411.419501: {"stream":"xlmusdt@bookTicker","data":{"u":134557769,"s":"XLMUSDT","b":"0.60045000","B":"1924.20000000","a":"0.60170000","A":"3570.60000000"}}
1618677411.501109: {"stream":"atomusdt@depth@100ms","data":{"e":"depthUpdate","E":1618677411521,"s":"ATOMUSDT","U":71292119,"u":71292120,"b":[["24.94700000","8.23300000"]],"a":[["25.34100000","44.72200000"]]}}
1618677411.501277: {"stream":"ethbusd@depth@100ms","data":{"e":"depthUpdate","E":1618677411521,"s":"ETHBUSD","U":56401163,"u":56401164,"b":[["2348.13000000","14.22198000"]],"a":[["2371.65000000","13.96857000"]]}}
1618677411.5013728: {"stream":"xlmusdt@depth@100ms","data":{"e":"depthUpdate","E":1618677411521,"s":"XLMUSDT","U":134557769,"u":134557770,"b":[["0.60045000","1924.20000000"],["0.59986000","404.60000000"]],"a":[]}}
1618677411.5014222: {"stream":"btcusdt@depth@100ms","data":{"e":"depthUpdate","E":1618677411521,"s":"BTCUSDT","U":372026774,"u":372026776,"b":[["60475.79000000","0.09913400"]],"a":[["60503.96000000","0.09913400"],["60511.36000000","0.00000000"]]}}
1618677411.506915: {"stream":"btcusdt@bookTicker","data":{"u":372026778,"s":"BTCUSDT","b":"60475.80000000","B":"0.00657300","a":"60484.79000000","A":"0.03385000"}}
1618677411.589149: {"stream":"xlmusdt@bookTicker","data":{"u":134557772,"s":"XLMUSDT","b":"0.60055000","B":"3321.80000000","a":"0.60170000","A":"3570.60000000"}}
1618677411.5987809: {"stream":"xlmusdt@depth@100ms","data":{"e":"depthUpdate","E":1618677411621,"s":"XLMUSDT","U":134557771,"u":134557772,"b":[["0.60055000","3321.80000000"],["0.60029000","2120.90000000"]],"a":[]}}
1618677411.598943: {"stream":"btcusdt@depth@100ms","data":{"e":"depthUpdate","E":1618677411621,"s":"BTCUSDT","U":372026777,"u":372026780,"b":[["60475.80000000","0.00657300"],["60475.57000000","0.00000000"]],"a":[["60491.16000000","0.00000000"],["60497.54000000","0.00657300"]]}}
1618677411.599093: {"stream":"zrxusd@depth@100ms","data":{"e":"depthUpdate","E":1618677411621,"s":"ZRXUSD","U":51775877,"u":51775878,"b":[["2.0793","0.00000000"],["2.0775","495.00000000"]],"a":[]}}
1618677411.700267: {"stream":"btcusdt@depth@100ms","data":{"e":"depthUpdate","E":1618677411721,"s":"BTCUSDT","U":372026781,"u":372026782,"b":[],"a":[["60491.16000000","0.00657300"],["60497.54000000","0.00000000"]]}}
1618677411.7004428: {"stream":"zrxusd@depth@100ms","data":{"e":"depthUpdate","E":1618677411721,"s":"ZRXUSD","U":51775879,"u":51775881,"b":[],"a":[["2.0880","0.00000000"],["2.0938","0.00000000"],["2.3237","4809.64000000"]]}}
1618677411.714272: {"stream":"xlmusdt@bookTicker","data":{"u":134557774,"s":"XLMUSDT","b":"0.60083000","B":"1315.60000000","a":"0.60170000","A":"3570.60000000"}}
1618677411.7775638: {"stream":"btcusdt@bookTicker","data":{"u":372026784,"s":"BTCUSDT","b":"60475.80000000","B":"0.00657300","a":"60491.16000000","A":"0.00657300"}}
1618677411.801461: {"stream":"atomusdt@depth@100ms","data":{"e":"depthUpdate","E":1618677411821,"s":"ATOMUSDT","U":71292121,"u":71292121,"b":[],"a":[["25.37700000","0.00000000"]]}}
1618677411.801614: {"stream":"xlmusdt@depth@100ms","data":{"e":"depthUpdate","E":1618677411821,"s":"XLMUSDT","U":134557773,"u":134557775,"b":[["0.60083000","1315.60000000"],["0.59986000","0.00000000"],["0.58531000","42.80000000"]],"a":[]}}
1618677411.801728: {"stream":"ethbusd@depth@100ms","data":{"e":"depthUpdate","E":1618677411821,"s":"ETHBUSD","U":56401165,"u":56401165,"b":[],"a":[["2375.35000000","0.00000000"]]}}
1618677411.801795: {"stream":"btcusdt@depth@100ms","data":{"e":"depthUpdate","E":1618677411821,"s":"BTCUSDT","U":372026783,"u":372026787,"b":[["60284.26000000","0.00000000"]],"a":[["60484.79000000","0.00000000"],["60491.17000000","0.00000000"],["60771.61000000","0.32068100"],["60784.22000000","0.46490500"]]}}
1618677411.8018718: {"stream":"zrxusd@depth@100ms","data":{"e":"depthUpdate","E":1618677411821,"s":"ZRXUSD","U":51775882,"u":51775883,"b":[["2.0793","495.00000000"],["2.0775","0.00000000"]],"a":[]}}
1618677411.801918: {"stream":"bchusdt@depth@100ms","data":{"e":"depthUpdate","E":1618677411821,"s":"BCHUSDT","U":123518002,"u":123518003,"b":[],"a":[["1053.93000000","0.00000000"],["1054.84000000","1.42429000"]]}}
1618677411.8070369: {"stream":"btcusdt@bookTicker","data":{"u":372026788,"s":"BTCUSDT","b":"60475.80000000","B":"0.00657300","a":"60497.55000000","A":"0.02870600"}}
1618677411.8071191: {"stream":"btcusdt@bookTicker","data":{"u":372026789,"s":"BTCUSDT","b":"60475.80000000","B":"0.00657300","a":"60497.54000000","A":"0.00657300"}}
1618677411.900906: {"stream":"xlmusdt@depth@100ms","data":{"e":"depthUpdate","E":1618677411923,"s":"XLMUSDT","U":134557776,"u":134557776,"b":[["0.60055000","0.00000000"]],"a":[]}}
1618677411.901085: {"stream":"btcusdt@depth@100ms","data":{"e":"depthUpdate","E":1618677411923,"s":"BTCUSDT","U":372026788,"u":372026789,"b":[],"a":[["60491.16000000","0.00000000"],["60497.54000000","0.00657300"]]}}
1618677412.003205: {"stream":"xlmusdt@depth@100ms","data":{"e":"depthUpdate","E":1618677412021,"s":"XLMUSDT","U":134557777,"u":134557779,"b":[["0.60029000","5443.40000000"]],"a":[["0.60173000","3322.80000000"],["0.60206000","0.00000000"]]}}
1618677412.088177: {"stream":"omgusd@bookTicker","data":{"u":66532564,"s":"OMGUSD","b":"9.5379","B":"88.05000000","a":"9.5584","A":"259.47000000"}}
1618677412.1009789: {"stream":"xlmusdt@depth@100ms","data":{"e":"depthUpdate","E":1618677412121,"s":"XLMUSDT","U":134557780,"u":134557780,"b":[["0.60041000","0.00000000"]],"a":[]}}
1618677412.101136: {"stream":"zrxusd@depth@100ms","data":{"e":"depthUpdate","E":1618677412121,"s":"ZRXUSD","U":51775884,"u":51775886,"b":[["2.0793","0.00000000"],["2.0775","495.00000000"]],"a":[["2.0939","630.26000000"]]}}
1618677412.101274: {"stream":"omgusd@depth@100ms","data":{"e":"depthUpdate","E":1618677412121,"s":"OMGUSD","U":66532563,"u":66532564,"b":[["9.5379","88.05000000"],["9.1421","0.00000000"]],"a":[]}}
1618677412.179378: {"stream":"bchusdt@bookTicker","data":{"u":123518004,"s":"BCHUSDT","b":"1050.59000000","B":"24.66957000","a":"1052.60000000","A":"0.86131000"}}
1618677412.186177: {"stream":"ethbusd@bookTicker","data":{"u":56401166,"s":"ETHBUSD","b":"2360.63000000","B":"1.66070000","a":"2363.55000000","A":"1.70002000"}}
1618677412.201625: {"stream":"zrxusd@depth@100ms","data":{"e":"depthUpdate","E":1618677412223,"s":"ZRXUSD","U":51775887,"u":51775887,"b":[["2.0775","0.00000000"]],"a":[]}}
1618677412.201779: {"stream":"bchusdt@depth@100ms","data":{"e":"depthUpdate","E":1618677412223,"s":"BCHUSDT","U":123518004,"u":123518004,"b":[["1050.59000000","24.66957000"]],"a":[]}}
1618677412.201858: {"stream":"omgusd@depth@100ms","data":{"e":"depthUpdate","E":1618677412223,"s":"OMGUSD","U":66532565,"u":66532565,"b":[["9.5356","0.00000000"]],"a":[]}}
1618677412.201925: {"stream":"ethbusd@depth@100ms","data":{"e":"depthUpdate","E":1618677412223,"s":"ETHBUSD","U":56401166,"u":56401166,"b":[["2360.63000000","1.66070000"]],"a":[]}}
1618677412.301811: {"stream":"btcusdt@depth@100ms","data":{"e":"depthUpdate","E":1618677412324,"s":"BTCUSDT","U":372026790,"u":372026790,"b":[["60444.88000000","0.00000000"]],"a":[]}}
1618677412.301961: {"stream":"zrxusd@depth@100ms","data":{"e":"depthUpdate","E":1618677412324,"s":"ZRXUSD","U":51775888,"u":51775888,"b":[["2.0793","495.00000000"]],"a":[]}}
1618677412.400597: {"stream":"zrxusd@depth@100ms","data":{"e":"depthUpdate","E":1618677412421,"s":"ZRXUSD","U":51775889,"u":51775892,"b":[["2.0793","495.00000000"],["2.0775","0.00000000"]],"a":[]}}
1618677412.400748: {"stream":"bchusdt@depth@100ms","data":{"e":"depthUpdate","E":1618677412421,"s":"BCHUSDT","U":123518005,"u":123518005,"b":[["1049.09000000","0.00000000"]],"a":[]}}
1618677412.401199: {"stream":"ethbusd@depth@100ms","data":{"e":"depthUpdate","E":1618677412421,"s":"ETHBUSD","U":56401167,"u":56401168,"b":[["2348.14000000","1.27100000"],["2344.63000000","0.00000000"]],"a":[]}}
1618677412.500698: {"stream":"usdtusd@depth@100ms","data":{"e":"depthUpdate","E":1618677412521,"s":"USDTUSD","U":34057434,"u":34057434,"b":[["0.9998","12.45000000"]],"a":[]}}
1618677412.535456: {"stream":"xlmusdt@depth@100ms","data":{"e":"depthUpdate","E":1618677412521,"s":"XLMUSDT","U":134557781,"u":134557781,"b":[["0.59249000","0.00000000"]],"a":[]}}
1618677412.599498: {"stream":"zenusd@depth@100ms","data":{"e":"depthUpdate","E":1618677412621,"s":"ZENUSD","U":6596071,"u":6596072,"b":[],"a":[["121.6910","0.00000000"],["121.9450","16.46300000"]]}}
1618677412.699703: {"stream":"zrxusd@depth@100ms","data":{"e":"depthUpdate","E":1618677412722,"s":"ZRXUSD","U":51775893,"u":51775893,"b":[],"a":[["2.0888","626.34000000"]]}}
1618677413.0002701: {"stream":"xlmusdt@depth@100ms","data":{"e":"depthUpdate","E":1618677413022,"s":"XLMUSDT","U":134557782,"u":134557782,"b":[["0.60018000","404.60000000"]],"a":[]}}
1618677413.1002932: {"stream":"zenusd@depth@100ms","data":{"e":"depthUpdate","E":1618677413122,"s":"ZENUSD","U":6596073,"u":6596073,"b":[],"a":[["121.7210","0.00000000"]]}}
1618677413.100448: {"stream":"omgusd@depth@100ms","data":{"e":"depthUpdate","E":1618677413122,"s":"OMGUSD","U":66532566,"u":66532567,"b":[],"a":[["9.5665","0.00000000"],["9.5804","803.50000000"]]}}
1618677413.2006452: {"stream":"zenusd@depth@100ms","data":{"e":"depthUpdate","E":1618677413222,"s":"ZENUSD","U":6596074,"u":6596074,"b":[],"a":[["121.9280","8.08000000"]]}}
1618677413.200792: {"stream":"xlmusdt@depth@100ms","data":{"e":"depthUpdate","E":1618677413222,"s":"XLMUSDT","U":134557783,"u":134557786,"b":[["0.60045000","5246.50000000"],["0.60018000","0.00000000"]],"a":[["0.60173000","0.00000000"],["0.60200000","3322.00000000"]]}}
1618677413.201948: {"stream":"bchusdt@bookTicker","data":{"u":123518007,"s":"BCHUSDT","b":"1050.59000000","B":"24.66957000","a":"1053.21000000","A":"0.42507000"}}
1618677413.205052: {"stream":"bchusdt@bookTicker","data":{"u":123518008,"s":"BCHUSDT","b":"1051.21000000","B":"0.64251000","a":"1053.21000000","A":"0.42507000"}}
1618677413.302262: {"stream":"bchusdt@depth@100ms","data":{"e":"depthUpdate","E":1618677413323,"s":"BCHUSDT","U":123518006,"u":123518009,"b":[["1051.21000000","0.64251000"],["1024.75000000","0.00000000"]],"a":[["1052.60000000","0.00000000"],["1129.98000000","17.80273000"]]}}
1618677413.3024: {"stream":"xlmusdt@depth@100ms","data":{"e":"depthUpdate","E":1618677413323,"s":"XLMUSDT","U":134557787,"u":134557788,"b":[["0.60029000","2120.90000000"],["0.60022000","404.60000000"]],"a":[]}}
1618677413.400745: {"stream":"btcusdt@depth@100ms","data":{"e":"depthUpdate","E":1618677413422,"s":"BTCUSDT","U":372026791,"u":372026794,"b":[["60475.56000000","0.00000000"],["60392.10000000","0.00000000"]],"a":[["60500.97000000","0.00000000"],["60511.37000000","0.00000000"]]}}
1618677413.4462621: {"stream":"zenusd@bookTicker","data":{"u":6596075,"s":"ZENUSD","b":"121.0370","B":"16.47800000","a":"121.6900","A":"3.14000000"}}
1618677413.508883: {"stream":"zenusd@depth@100ms","data":{"e":"depthUpdate","E":1618677413522,"s":"ZENUSD","U":6596075,"u":6596076,"b":[],"a":[["121.5210","0.00000000"],["139.3910","159.84000000"]]}}
1618677413.509055: {"stream":"ethbusd@depth@100ms","data":{"e":"depthUpdate","E":1618677413522,"s":"ETHBUSD","U":56401169,"u":56401170,"b":[["2358.68000000","0.00000000"]],"a":[["2365.14000000","0.00000000"]]}}
1618677413.509163: {"stream":"bchusdt@depth@100ms","data":{"e":"depthUpdate","E":1618677413522,"s":"BCHUSDT","U":123518010,"u":123518011,"b":[["1050.06000000","0.00000000"]],"a":[["1053.81000000","0.91615000"]]}}
1618677413.5092611: {"stream":"xlmusdt@depth@100ms","data":{"e":"depthUpdate","E":1618677413522,"s":"XLMUSDT","U":134557789,"u":134557789,"b":[["0.59582000","37.00000000"]],"a":[]}}
1618677413.514986: {"stream":"ethbusd@bookTicker","data":{"u":56401171,"s":"ETHBUSD","b":"2360.64000000","B":"0.10145000","a":"2363.55000000","A":"1.70002000"}}
1618677413.5721788: {"stream":"bchusdt@bookTicker","data":{"u":123518012,"s":"BCHUSDT","b":"1051.22000000","B":"0.91601000","a":"1053.21000000","A":"0.42507000"}}
1618677413.605288: {"stream":"xlmusdt@depth@100ms","data":{"e":"depthUpdate","E":1618677413622,"s":"XLMUSDT","U":134557790,"u":134557790,"b":[["0.60045000","3322.30000000"]],"a":[]}}
1618677413.6054442: {"stream":"btcusdt@depth@100ms","data":{"e":"depthUpdate","E":1618677413622,"s":"BTCUSDT","U":372026795,"u":372026796,"b":[["60403.25000000","0.01000000"]],"a":[["60552.20000000","0.00904000"]]}}
1618677413.605543: {"stream":"ethbusd@depth@100ms","data":{"e":"depthUpdate","E":1618677413622,"s":"ETHBUSD","U":56401171,"u":56401174,"b":[["2360.64000000","0.10145000"],["2359.89000000","0.84655000"],["2357.74000000","0.00000000"]],"a":[["2366.22000000","0.84647000"]]}}
1618677413.60565: {"stream":"bchusdt@depth@100ms","data":{"e":"depthUpdate","E":1618677413622,"s":"BCHUSDT","U":123518012,"u":123518013,"b":[["1051.22000000","0.91601000"],["1051.01000000","0.94926000"]],"a":[]}}
1618677413.61979: {"stream":"omgusd@bookTicker","data":{"u":66532568,"s":"OMGUSD","b":"9.5379","B":"88.05000000","a":"9.5584","A":"50.00000000"}}
1618677413.6760519: {"stream":"ethbusd@bookTicker","data":{"u":56401176,"s":"ETHBUSD","b":"2360.64000000","B":"0.10145000","a":"2365.13000000","A":"0.13108000"}}
1618677413.7052538: {"stream":"ethbusd@depth@100ms","data":{"e":"depthUpdate","E":1618677413723,"s":"ETHBUSD","U":56401175,"u":56401178,"b":[["2359.32000000","0.00000000"],["2358.62000000","0.80293000"]],"a":[["2363.55000000","0.00000000"],["2452.17000000","28.57665000"]]}}
1618677413.705458: {"stream":"zenusd@depth@100ms","data":{"e":"depthUpdate","E":1618677413723,"s":"ZENUSD","U":6596077,"u":6596077,"b":[],"a":[["122.5010","0.00000000"]]}}
1618677413.705534: {"stream":"xlmusdt@depth@100ms","data":{"e":"depthUpdate","E":1618677413723,"s":"XLMUSDT","U":134557791,"u":134557791,"b":[],"a":[["0.60189000","2258.60000000"]]}}
1618677413.7055879: {"stream":"btcusdt@depth@100ms","data":{"e":"depthUpdate","E":1618677413723,"s":"BTCUSDT","U":372026797,"u":372026797,"b":[["60376.20000000","0.08895100"]],"a":[]}}
1618677413.705646: {"stream":"bchusdt@depth@100ms","data":{"e":"depthUpdate","E":1618677413723,"s":"BCHUSDT","U":123518014,"u":123518014,"b":[],"a":[["1053.22000000","0.00000000"]]}}
1618677413.705701: {"stream":"omgusd@depth@100ms","data":{"e":"depthUpdate","E":1618677413723,"s":"OMGUSD","U":66532568,"u":66532569,"b":[],"a":[["9.5584","50.00000000"],["9.5652","209.37000000"]]}}
1618677413.735669: {"stream":"atomusdt@bookTicker","data":{"u":71292122,"s":"ATOMUSDT","b":"25.13400000","B":"39.70600000","a":"25.20100000","A":"1.80500000"}}
1618677413.7413719: {"stream":"bchusdt@aggTrade","data":{"e":"aggTrade","E":1618677413758,"s":"BCHUSDT","a":724813,"p":"1053.21000000","q":"0.42507000","f":736392,"l":736392,"T":1618677413757,"m":false,"M":true}}
1618677413.741479: {"stream":"bchusdt@bookTicker","data":{"u":123518016,"s":"BCHUSDT","b":"1051.22000000","B":"0.91601000","a":"1053.28000000","A":"0.68983000"}}
1618677413.7771862: {"stream":"bchusdt@aggTrade","data":{"e":"aggTrade","E":1618677413793,"s":"BCHUSDT","a":724814,"p":"1053.28000000","q":"0.68983000","f":736393,"l":736393,"T":1618677413793,"m":false,"M":true}}
1618677413.777259: {"stream":"bchusdt@bookTicker","data":{"u":123518019,"s":"BCHUSDT","b":"1051.22000000","B":"0.91601000","a":"1053.81000000","A":"0.91615000"}}
1618677413.7873: {"stream":"btcusdt@bookTicker","data":{"u":372026803,"s":"BTCUSDT","b":"60484.08000000","B":"0.03060800","a":"60497.54000000","A":"0.00657300"}}
1618677413.8075929: {"stream":"bchusdt@depth@100ms","data":{"e":"depthUpdate","E":1618677413822,"s":"BCHUSDT","U":123518015,"u":123518019,"b":[["1050.59000000","0.00000000"]],"a":[["1053.21000000","0.00000000"],["1053.28000000","0.00000000"],["1054.14000000","0.00000000"],["1054.84000000","0.00000000"]]}}
1618677413.807824: {"stream":"atomusdt@depth@100ms","data":{"e":"depthUpdate","E":1618677413822,"s":"ATOMUSDT","U":71292122,"u":71292123,"b":[],"a":[["25.19200000","0.00000000"],["25.20600000","70.07300000"]]}}
1618677413.807883: {"stream":"xlmusdt@depth@100ms","data":{"e":"depthUpdate","E":1618677413822,"s":"XLMUSDT","U":134557792,"u":134557793,"b":[["0.60059000","3321.50000000"]],"a":[["0.60217000","3321.10000000"]]}}
1618677413.807939: {"stream":"btcusdt@depth@100ms","data":{"e":"depthUpdate","E":1618677413822,"s":"BTCUSDT","U":372026798,"u":372026803,"b":[["60484.08000000","0.03060800"],["60475.79000000","0.00000000"],["60453.18000000","0.00000000"],["60453.16000000","0.00000000"],["60301.00000000","0.00000000"]],"a":[["60508.52000000","0.00000000"]]}}
1618677413.811659: {"stream":"bchusdt@bookTicker","data":{"u":123518020,"s":"BCHUSDT","b":"1051.23000000","B":"0.42573000","a":"1053.81000000","A":"0.91615000"}}
1618677413.9100502: {"stream":"xlmusdt@depth@100ms","data":{"e":"depthUpdate","E":1618677413922,"s":"XLMUSDT","U":134557794,"u":134557794,"b":[["0.60045000","0.00000000"]],"a":[]}}
1618677413.910207: {"stream":"bchusdt@depth@100ms","data":{"e":"depthUpdate","E":1618677413922,"s":"BCHUSDT","U":123518020,"u":123518021,"b":[["1051.23000000","0.42573000"],["1050.35000000","6.00000000"]],"a":[]}}
1618677413.9102972: {"stream":"btcusdt@depth@100ms","data":{"e":"depthUpdate","E":1618677413922,"s":"BTCUSDT","U":372026804,"u":372026809,"b":[["60480.69000000","0.09912600"],["60470.61000000","0.13216800"],["60466.93000000","0.08000000"],["60376.20000000","0.00000000"]],"a":[["60503.96000000","0.00000000"],["60531.02000000","0.13216800"]]}}
1618677413.910867: {"stream":"btcusdt@bookTicker","data":{"u":372026811,"s":"BTCUSDT","b":"60484.08000000","B":"0.03060800","a":"60497.55000000","A":"0.02870600"}}
1618677413.943536: {"stream":"bchusdt@bookTicker","data":{"u":123518022,"s":"BCHUSDT","b":"1051.23000000","B":"0.42573000","a":"1053.82000000","A":"1.80581000"}}
1618677413.988405: {"stream":"btcusdt@bookTicker","data":{"u":372026814,"s":"BTCUSDT","b":"60496.59000000","B":"0.07992000","a":"60497.55000000","A":"0.02870600"}}
1618677414.0085042: {"stream":"zrxusd@depth@100ms","data":{"e":"depthUpdate","E":1618677414022,"s":"ZRXUSD","U":51775894,"u":51775894,"b":[],"a":[["2.0939","0.00000000"]]}}
1618677414.008657: {"stream":"xlmusdt@depth@100ms","data":{"e":"depthUpdate","E":1618677414023,"s":"XLMUSDT","U":134557795,"u":134557797,"b":[["0.60059000","0.00000000"],["0.60022000","0.00000000"]],"a":[["0.60200000","0.00000000"]]}}
1618677414.008776: {"stream":"btcusdt@depth@100ms","data":{"e":"depthUpdate","E":1618677414023,"s":"BTCUSDT","U":372026810,"u":372026814,"b":[["60496.59000000","0.07992000"],["60480.69000000","0.00000000"],["60475.80000000","0.00000000"]],"a":[["60497.54000000","0.00000000"],["60522.00000000","0.08020000"]]}}
1618677414.0088809: {"stream":"ethbusd@depth@100ms","data":{"e":"depthUpdate","E":1618677414022,"s":"ETHBUSD","U":56401179,"u":56401179,"b":[["2300.68000000","0.00000000"]],"a":[]}}
1618677414.008922: {"stream":"bchusdt@depth@100ms","data":{"e":"depthUpdate","E":1618677414022,"s":"BCHUSDT","U":123518022,"u":123518023,"b":[["1051.01000000","0.00000000"]],"a":[["1053.81000000","0.00000000"]]}}
1618677414.0777118: {"stream":"btcusdt@aggTrade","data":{"e":"aggTrade","E":1618677414092,"s":"BTCUSDT","a":3612248,"p":"60497.55000000","q":"0.02870000","f":3667499,"l":3667499,"T":1618677414091,"m":false,"M":true}}
1618677414.077814: {"stream":"btcusdt@bookTicker","data":{"u":372026817,"s":"BTCUSDT","b":"60496.59000000","B":"0.07992000","a":"60497.55000000","A":"0.00000600"}}
1618677414.099744: {"stream":"bchusdt@bookTicker","data":{"u":123518028,"s":"BCHUSDT","b":"1051.91000000","B":"0.94847000","a":"1053.82000000","A":"1.80581000"}}
1618677414.105657: {"stream":"ethbusd@depth@100ms","data":{"e":"depthUpdate","E":1618677414125,"s":"ETHBUSD","U":56401180,"u":56401180,"b":[["2360.63000000","1.16070000"]],"a":[]}}
1618677414.1057868: {"stream":"bchusdt@depth@100ms","data":{"e":"depthUpdate","E":1618677414125,"s":"BCHUSDT","U":123518024,"u":123518028,"b":[["1051.91000000","0.94847000"],["1049.99000000","0.72672000"]],"a":[["1055.02000000","0.94885000"],["1055.25000000","0.00000000"],["1056.89000000","1.17100000"]]}}
1618677414.105938: {"stream":"xlmusdt@depth@100ms","data":{"e":"depthUpdate","E":1618677414125,"s":"XLMUSDT","U":134557798,"u":134557798,"b":[],"a":[["0.60217000","0.00000000"]]}}
1618677414.107628: {"stream":"btcusdt@depth@100ms","data":{"e":"depthUpdate","E":1618677414125,"s":"BTCUSDT","U":372026815,"u":372026817,"b":[["60462.45000000","0.00000000"]],"a":[["60497.55000000","0.00000600"],["60516.23000000","0.00000000"]]}}
1618677414.116884: {"stream":"btcusdt@bookTicker","data":{"u":372026819,"s":"BTCUSDT","b":"60496.60000000","B":"0.00622900","a":"60497.55000000","A":"0.00000600"}}
1618677414.2012491: {"stream":"btcusdt@depth@100ms","data":{"e":"depthUpdate","E":1618677414223,"s":"BTCUSDT","U":372026818,"u":372026822,"b":[["60496.60000000","0.00622900"],["60403.25000000","0.00000000"]],"a":[["60516.40000000","0.00622900"],["60520.60000000","0.00000000"],["60520.87000000","0.00000000"]]}}
1618677414.2059672: {"stream":"bchusdt@depth@100ms","data":{"e":"depthUpdate","E":1618677414223,"s":"BCHUSDT","U":123518029,"u":123518031,"b":[["1051.48000000","1.42242000"],["1051.23000000","0.00000000"]],"a":[["1055.73000000","1.42313000"]]}}
1618677414.2245162: {"stream":"bchusdt@bookTicker","data":{"u":123518032,"s":"BCHUSDT","b":"1051.92000000","B":"0.42558000","a":"1053.82000000","A":"1.80581000"}}
1618677414.3042839: {"stream":"ethbusd@depth@100ms","data":{"e":"depthUpdate","E":1618677414323,"s":"ETHBUSD","U":56401181,"u":56401181,"b":[["2360.49000000","0.84633000"]],"a":[]}}
1618677414.3044438: {"stream":"bchusdt@depth@100ms","data":{"e":"depthUpdate","E":1618677414323,"s":"BCHUSDT","U":123518032,"u":123518034,"b":[["1051.92000000","0.42558000"],["1050.35000000","0.00000000"]],"a":[["1055.01000000","0.91513000"]]}}
1618677414.3592708: {"stream":"atomusdt@bookTicker","data":{"u":71292124,"s":"ATOMUSDT","b":"25.15100000","B":"32.03800000","a":"25.20100000","A":"1.80500000"}}
1618677414.382113: {"stream":"xlmusdt@bookTicker","data":{"u":134557801,"s":"XLMUSDT","b":"0.60090000","B":"3319.80000000","a":"0.60170000","A":"3570.60000000"}}
1618677414.3877609: {"stream":"xlmusdt@bookTicker","data":{"u":134557802,"s":"XLMUSDT","b":"0.60103000","B":"3319.10000000","a":"0.60170000","A":"3570.60000000"}}
1618677414.408291: {"stream":"atomusdt@depth@100ms","data":{"e":"depthUpdate","E":1618677414423,"s":"ATOMUSDT","U":71292124,"u":71292125,"b":[["25.15100000","32.03800000"],["24.13000000","5.63600000"]],"a":[]}}
1618677414.408449: {"stream":"xlmusdt@depth@100ms","data":{"e":"depthUpdate","E":1618677414423,"s":"XLMUSDT","U":134557799,"u":134557803,"b":[["0.60103000","3319.10000000"],["0.60090000","3319.80000000"],["0.60039000","404.60000000"]],"a":[["0.60228000","3320.40000000"],["0.60244000","3319.60000000"]]}}
1618677414.408572: {"stream":"btcusdt@depth@100ms","data":{"e":"depthUpdate","E":1618677414423,"s":"BTCUSDT","U":372026823,"u":372026826,"b":[["60493.24000000","0.09910600"],["60479.95000000","0.13214800"]],"a":[["60523.38000000","0.09910100"],["60543.56000000","0.13214100"]]}}
1618677414.408652: {"stream":"bchusdt@depth@100ms","data":{"e":"depthUpdate","E":1618677414423,"s":"BCHUSDT","U":123518035,"u":123518036,"b":[],"a":[["1055.02000000","0.00000000"],["1055.91000000","0.94803000"]]}}
1618677414.4310231: {"stream":"omgusd@bookTicker","data":{"u":66532571,"s":"OMGUSD","b":"9.5422","B":"209.31000000","a":"9.5584","A":"50.00000000"}}
1618677414.482194: {"stream":"atomusdt@bookTicker","data":{"u":71292127,"s":"ATOMUSDT","b":"25.15800000","B":"39.66500000","a":"25.20100000","A":"1.80500000"}}
1618677414.504419: {"stream":"atomusdt@depth@100ms","data":{"e":"depthUpdate","E":1618677414523,"s":"ATOMUSDT","U":71292126,"u":71292127,"b":[["25.15800000","39.66500000"],["25.13400000","0.00000000"]],"a":[]}}
1618677414.504608: {"stream":"omgusd@depth@100ms","data":{"e":"depthUpdate","E":1618677414523,"s":"OMGUSD","U":66532570,"u":66532571,"b":[["9.5422","209.31000000"],["9.5355","0.00000000"]],"a":[]}}
1618677414.504724: {"stream":"zrxusd@depth@100ms","data":{"e":"depthUpdate","E":1618677414523,"s":"ZRXUSD","U":51775895,"u":51775898,"b":[["2.0774","0.00000000"],["2.0741","0.00000000"]],"a":[["2.0910","0.00000000"],["2.0949","0.00000000"]]}}
1618677414.604863: {"stream":"xlmusdt@depth@100ms","data":{"e":"depthUpdate","E":1618677414623,"s":"XLMUSDT","U":134557804,"u":134557804,"b":[["0.60039000","0.00000000"]],"a":[]}}
1618677414.6097689: {"stream":"bchusdt@depth@100ms","data":{"e":"depthUpdate","E":1618677414623,"s":"BCHUSDT","U":123518037,"u":123518038,"b":[["1051.02000000","6.00000000"]],"a":[["1055.73000000","0.00000000"]]}}
1618677414.609948: {"stream":"zrxusd@depth@100ms","data":{"e":"depthUpdate","E":1618677414623,"s":"ZRXUSD","U":51775899,"u":51775903,"b":[["2.0792","2237.18000000"],["2.0756","2209.00000000"]],"a":[["2.0928","2040.00000000"],["2.0942","612.85000000"],["2.0954","4517.28000000"]]}}
1618677414.7025652: {"stream":"zenusd@depth@100ms","data":{"e":"depthUpdate","E":1618677414723,"s":"ZENUSD","U":6596078,"u":6596078,"b":[],"a":[["122.7950","1.17700000"]]}}
1618677414.7027142: {"stream":"xlmusdt@depth@100ms","data":{"e":"depthUpdate","E":1618677414723,"s":"XLMUSDT","U":134557805,"u":134557806,"b":[],"a":[["0.60189000","0.00000000"],["0.60228000","0.00000000"]]}}
1618677414.702815: {"stream":"btcusdt@depth@100ms","data":{"e":"depthUpdate","E":1618677414723,"s":"BTCUSDT","U":372026827,"u":372026827,"b":[["60314.37000000","0.00000000"]],"a":[]}}
1618677414.787162: {"stream":"btcusdt@bookTicker","data":{"u":372026828,"s":"BTCUSDT","b":"60496.60000000","B":"0.00622900","a":"60506.98000000","A":"0.07688700"}}
1618677414.787224: {"stream":"btcusdt@bookTicker","data":{"u":372026829,"s":"BTCUSDT","b":"60496.60000000","B":"0.00622900","a":"60516.40000000","A":"0.00622900"}}
1618677414.790902: {"stream":"btcusdt@bookTicker","data":{"u":372026830,"s":"BTCUSDT","b":"60497.54000000","B":"0.02520200","a":"60516.40000000","A":"0.00622900"}}
1618677414.801478: {"stream":"btcusdt@depth@100ms","data":{"e":"depthUpdate","E":1618677414823,"s":"BTCUSDT","U":372026828,"u":372026832,"b":[["60497.54000000","0.02520200"]],"a":[["60497.55000000","0.00000000"],["60506.98000000","0.00000000"],["60798.16000000","0.41047000"],["60812.73000000","0.33970500"]]}}
1618677414.8016682: {"stream":"zrxusd@depth@100ms","data":{"e":"depthUpdate","E":1618677414823,"s":"ZRXUSD","U":51775904,"u":51775904,"b":[],"a":[["2.0888","0.00000000"]]}}
1618677414.8078148: {"stream":"omgusd@bookTicker","data":{"u":66532572,"s":"OMGUSD","b":"9.5422","B":"209.31000000","a":"9.5622","A":"3094.65000000"}}
1618677414.807899: {"stream":"btcusdt@bookTicker","data":{"u":372026834,"s":"BTCUSDT","b":"60497.55000000","B":"0.00604200","a":"60516.40000000","A":"0.00622900"}}
1618677414.901263: {"stream":"ethbusd@depth@100ms","data":{"e":"depthUpdate","E":1618677414923,"s":"ETHBUSD","U":56401182,"u":56401185,"b":[["2356.36000000","0.05400000"],["2354.71000000","0.17700000"],["2354.02000000","0.00000000"],["2350.48000000","0.00000000"]],"a":[]}}
1618677414.9014668: {"stream":"btcusdt@depth@100ms","data":{"e":"depthUpdate","E":1618677414923,"s":"BTCUSDT","U":372026833,"u":372026834,"b":[["60497.55000000","0.00604200"],["60496.60000000","0.00000000"]],"a":[]}}
1618677414.901574: {"stream":"omgusd@depth@100ms","data":{"e":"depthUpdate","E":1618677414923,"s":"OMGUSD","U":66532572,"u":66532572,"b":[],"a":[["9.5584","0.00000000"]]}}
1618677415.002143: {"stream":"ethbusd@depth@100ms","data":{"e":"depthUpdate","E":1618677415023,"s":"ETHBUSD","U":56401186,"u":56401186,"b":[["2302.16000000","0.01025000"]],"a":[]}}
1618677415.104167: {"stream":"xlmusdt@depth@100ms","data":{"e":"depthUpdate","E":1618677415123,"s":"XLMUSDT","U":134557807,"u":134557807,"b":[["0.60048000","404.60000000"]],"a":[]}}
1618677415.104325: {"stream":"bchusdt@depth@100ms","data":{"e":"depthUpdate","E":1618677415123,"s":"BCHUSDT","U":123518039,"u":123518039,"b":[],"a":[["1056.70000000","1.42185000"]]}}
1618677415.177184: {"stream":"ethbusd@bookTicker","data":{"u":56401187,"s":"ETHBUSD","b":"2360.64000000","B":"0.60145000","a":"2365.13000000","A":"0.13108000"}}
1618677415.191108: {"stream":"btcusdt@bookTicker","data":{"u":372026839,"s":"BTCUSDT","b":"60499.15000000","B":"0.09909500","a":"60516.40000000","A":"0.00622900"}}
1618677415.2021701: {"stream":"btcusdt@depth@100ms","data":{"e":"depthUpdate","E":1618677415223,"s":"BTCUSDT","U":372026835,"u":372026839,"b":[["60499.15000000","0.09909500"],["60493.24000000","0.00000000"],["60489.07000000","0.13212800"],["60470.61000000","0.00000000"],["60466.93000000","0.00000000"]],"a":[]}}
1618677415.2023869: {"stream":"ethbusd@depth@100ms","data":{"e":"depthUpdate","E":1618677415223,"s":"ETHBUSD","U":56401187,"u":56401187,"b":[["2360.64000000","0.60145000"]],"a":[]}}
1618677415.208458: {"stream":"ethbusd@bookTicker","data":{"u":56401188,"s":"ETHBUSD","b":"2360.64000000","B":"0.50000000","a":"2365.13000000","A":"0.13108000"}}
1618677415.208543: {"stream":"btcusdt@bookTicker","data":{"u":372026841,"s":"BTCUSDT","b":"60499.16000000","B":"0.00604200","a":"60516.40000000","A":"0.00622900"}}
1618677415.210718: {"stream":"bchusdt@bookTicker","data":{"u":123518042,"s":"BCHUSDT","b":"1051.92000000","B":"0.42558000","a":"1054.36000000","A":"0.78808000"}}
1618677415.210803: {"stream":"bchusdt@bookTicker","data":{"u":123518043,"s":"BCHUSDT","b":"1052.83000000","B":"0.89975000","a":"1054.36000000","A":"0.78808000"}}
1618677415.302319: {"stream":"ethbusd@depth@100ms","data":{"e":"depthUpdate","E":1618677415323,"s":"ETHBUSD","U":56401188,"u":56401188,"b":[["2360.64000000","0.50000000"]],"a":[]}}
1618677415.3024518: {"stream":"xlmusdt@depth@100ms","data":{"e":"depthUpdate","E":1618677415323,"s":"XLMUSDT","U":134557808,"u":134557811,"b":[["0.59942000","3460.00000000"],["0.59897000","0.00000000"]],"a":[["0.60261000","3460.00000000"],["0.60335000","12118.00000000"]]}}
1618677415.30259: {"stream":"btcusdt@depth@100ms","data":{"e":"depthUpdate","E":1618677415323,"s":"BTCUSDT","U":372026840,"u":372026842,"b":[["60499.16000000","0.00604200"],["60497.55000000","0.00000000"],["60480.01000000","0.08000000"]],"a":[]}}
1618677415.302651: {"stream":"bchusdt@depth@100ms","data":{"e":"depthUpdate","E":1618677415323,"s":"BCHUSDT","U":123518040,"u":123518045,"b":[["1052.83000000","0.89975000"],["1050.60000000","2.00724000"],["1026.18000000","0.00000000"]],"a":[["1053.82000000","0.00000000"],["1077.40000000","9.96762000"],["1131.87000000","15.61625000"]]}}
1618677415.311593: {"stream":"ethbusd@bookTicker","data":{"u":56401189,"s":"ETHBUSD","b":"2360.65000000","B":"0.10131000","a":"2365.13000000","A":"0.13108000"}}
1618677415.367866: {"stream":"omgusd@bookTicker","data":{"u":66532573,"s":"OMGUSD","b":"9.5422","B":"209.31000000","a":"9.5621","A":"80.00000000"}}
1618677415.402974: {"stream":"ethbusd@depth@100ms","data":{"e":"depthUpdate","E":1618677415423,"s":"ETHBUSD","U":56401189,"u":56401189,"b":[["2360.65000000","0.10131000"]],"a":[]}}
1618677415.403119: {"stream":"xlmusdt@depth@100ms","data":{"e":"depthUpdate","E":1618677415423,"s":"XLMUSDT","U":134557812,"u":134557812,"b":[],"a":[["0.60256000","3318.90000000"]]}}
1618677415.403195: {"stream":"bchusdt@depth@100ms","data":{"e":"depthUpdate","E":1618677415423,"s":"BCHUSDT","U":123518046,"u":123518047,"b":[["1051.92000000","0.00000000"],["1051.02000000","0.00000000"]],"a":[]}}
1618677415.403281: {"stream":"omgusd@depth@100ms","data":{"e":"depthUpdate","E":1618677415423,"s":"OMGUSD","U":66532573,"u":66532573,"b":[],"a":[["9.5621","80.00000000"]]}}
1618677415.411048: {"stream":"bchusdt@bookTicker","data":{"u":123518048,"s":"BCHUSDT","b":"1052.84000000","B":"0.42531000","a":"1054.36000000","A":"0.78808000"}}
1618677415.501552: {"stream":"bchusdt@depth@100ms","data":{"e":"depthUpdate","E":1618677415523,"s":"BCHUSDT","U":123518048,"u":123518048,"b":[["1052.84000000","0.42531000"]],"a":[]}}
1618677415.501704: {"stream":"omgusd@depth@100ms","data":{"e":"depthUpdate","E":1618677415523,"s":"OMGUSD","U":66532574,"u":66532574,"b":[],"a":[["9.5622","0.00000000"]]}}
1618677415.602706: {"stream":"btcusdt@depth@100ms","data":{"e":"depthUpdate","E":1618677415624,"s":"BTCUSDT","U":372026843,"u":372026843,"b":[],"a":[["60632.80000000","0.71722600"]]}}
1618677415.6028621: {"stream":"bchusdt@depth@100ms","data":{"e":"depthUpdate","E":1618677415624,"s":"BCHUSDT","U":123518049,"u":123518049,"b":[["1051.22000000","0.00000000"]],"a":[]}}
1618677415.704514: {"stream":"busdusd@depth@100ms","data":{"e":"depthUpdate","E":1618677415724,"s":"BUSDUSD","U":4191926,"u":4191929,"b":[],"a":[["1.0002","573574.76000000"],["1.0003","131.06000000"],["1.0004","613359.69000000"]]}}
1618677415.7407439: {"stream":"atomusdt@depth@100ms","data":{"e":"depthUpdate","E":1618677415724,"s":"ATOMUSDT","U":71292128,"u":71292128,"b":[["25.07500000","0.97800000"]],"a":[]}}
1618677415.740812: {"stream":"btcusdt@depth@100ms","data":{"e":"depthUpdate","E":1618677415724,"s":"BTCUSDT","U":372026844,"u":372026844,"b":[["60454.75000000","0.02097700"]],"a":[]}}
1618677415.740854: {"stream":"bchusdt@depth@100ms","data":{"e":"depthUpdate","E":1618677415724,"s":"BCHUSDT","U":123518050,"u":123518051,"b":[["1051.92000000","0.91485000"],["1046.39000000","0.84110000"]],"a":[]}}
1618677415.740897: {"stream":"zrxusd@bookTicker","data":{"u":51775905,"s":"ZRXUSD","b":"2.0821","B":"719.72000000","a":"2.0889","A":"495.00000000"}}
1618677415.740919: {"stream":"omgusd@bookTicker","data":{"u":66532575,"s":"OMGUSD","b":"9.5422","B":"209.31000000","a":"9.5652","A":"209.37000000"}}
1618677415.740936: {"stream":"zrxusd@bookTicker","data":{"u":51775906,"s":"ZRXUSD","b":"2.0821","B":"719.72000000","a":"2.0876","A":"719.00000000"}}
1618677415.74095: {"stream":"xlmusdt@bookTicker","data":{"u":134557814,"s":"XLMUSDT","b":"0.60130000","B":"1416.30000000","a":"0.60170000","A":"3570.60000000"}}
1618677415.7409651: {"stream":"xlmusdt@bookTicker","data":{"u":134557815,"s":"XLMUSDT","b":"0.60130000","B":"1416.30000000","a":"0.60216000","A":"6157.20000000"}}
1618677415.803261: {"stream":"xlmusdt@depth@100ms","data":{"e":"depthUpdate","E":1618677415824,"s":"XLMUSDT","U":134557813,"u":134557816,"b":[["0.60130000","1416.30000000"],["0.58600000","0.00000000"]],"a":[["0.60170000","0.00000000"],["0.60937000","8698.80000000"]]}}
1618677415.803402: {"stream":"omgusd@depth@100ms","data":{"e":"depthUpdate","E":1618677415824,"s":"OMGUSD","U":66532575,"u":66532575,"b":[],"a":[["9.5621","0.00000000"]]}}
1618677415.803453: {"stream":"btcusdt@depth@100ms","data":{"e":"depthUpdate","E":1618677415824,"s":"BTCUSDT","U":372026845,"u":372026846,"b":[["60490.81000000","0.07784100"],["59955.95000000","0.00000000"]],"a":[]}}
1618677415.803505: {"stream":"zrxusd@depth@100ms","data":{"e":"depthUpdate","E":1618677415824,"s":"ZRXUSD","U":51775905,"u":51775906,"b":[],"a":[["2.0869","0.00000000"],["2.0876","719.00000000"]]}}
1618677415.8107321: {"stream":"ethbusd@bookTicker","data":{"u":56401190,"s":"ETHBUSD","b":"2360.65000000","B":"0.10131000","a":"2365.13000000","A":"0.63108000"}}
1618677415.8289301: {"stream":"btcusdt@bookTicker","data":{"u":372026851,"s":"BTCUSDT","b":"60499.16000000","B":"0.00604200","a":"60516.41000000","A":"0.08705600"}}
1618677415.904477: {"stream":"ethbusd@depth@100ms","data":{"e":"depthUpdate","E":1618677415925,"s":"ETHBUSD","U":56401190,"u":56401190,"b":[],"a":[["2365.13000000","0.63108000"]]}}
1618677415.904608: {"stream":"xlmusdt@depth@100ms","data":{"e":"depthUpdate","E":1618677415926,"s":"XLMUSDT","U":134557817,"u":134557817,"b":[["0.60048000","0.00000000"]],"a":[]}}
1618677415.9046981: {"stream":"btcusdt@depth@100ms","data":{"e":"depthUpdate","E":1618677415926,"s":"BTCUSDT","U":372026847,"u":372026851,"b":[["60474.13000000","0.98275800"]],"a":[["60516.40000000","0.00000000"],["60521.99000000","0.00588100"],["60527.24000000","0.00000000"],["62215.30000000","3.46253700"]]}}
1618677415.932012: {"stream":"omgusd@bookTicker","data":{"u":66532576,"s":"OMGUSD","b":"9.5422","B":"209.31000000","a":"9.5621","A":"50.00000000"}}
1618677416.003149: {"stream":"busdusd@depth@100ms","data":{"e":"depthUpdate","E":1618677416024,"s":"BUSDUSD","U":4191930,"u":4191931,"b":[],"a":[["1.0003","10131.06000000"],["1.0004","633359.69000000"]]}}
1618677416.003288: {"stream":"btcusdt@depth@100ms","data":{"e":"depthUpdate","E":1618677416024,"s":"BTCUSDT","U":372026852,"u":372026853,"b":[],"a":[["60540.02000000","0.08000000"],["60673.25000000","0.00000000"]]}}
1618677416.0033998: {"stream":"zrxusd@depth@100ms","data":{"e":"depthUpdate","E":1618677416024,"s":"ZRXUSD","U":51775907,"u":51775907,"b":[],"a":[["2.0942","0.00000000"]]}}
1618677416.003445: {"stream":"bchusdt@depth@100ms","data":{"e":"depthUpdate","E":1618677416024,"s":"BCHUSDT","U":123518052,"u":123518052,"b":[["1045.68000000","0.00000000"]],"a":[]}}
1618677416.0034828: {"stream":"omgusd@depth@100ms","data":{"e":"depthUpdate","E":1618677416024,"s":"OMGUSD","U":66532576,"u":66532576,"b":[],"a":[["9.5621","50.00000000"]]}}
1618677416.011169: {"stream":"bchusdt@bookTicker","data":{"u":123518053,"s":"BCHUSDT","b":"1052.83000000","B":"0.89975000","a":"1054.36000000","A":"0.78808000"}}
1618677416.102255: {"stream":"bchusdt@depth@100ms","data":{"e":"depthUpdate","E":1618677416124,"s":"BCHUSDT","U":123518053,"u":123518054,"b":[["1052.84000000","0.00000000"]],"a":[["1055.25000000","0.42340000"]]}}
1618677416.203604: {"stream":"bchusdt@depth@100ms","data":{"e":"depthUpdate","E":1618677416224,"s":"BCHUSDT","U":123518055,"u":123518057,"b":[["1051.93000000","0.42340000"]],"a":[["1055.00000000","0.09948000"],["1055.25000000","0.00000000"]]}}
1618677416.303147: {"stream":"zrxusd@depth@100ms","data":{"e":"depthUpdate","E":1618677416324,"s":"ZRXUSD","U":51775908,"u":51775908,"b":[],"a":[["2.0948","634.63000000"]]}}
1618677416.303296: {"stream":"bchusdt@depth@100ms","data":{"e":"depthUpdate","E":1618677416324,"s":"BCHUSDT","U":123518058,"u":123518058,"b":[],"a":[["1055.01000000","0.00000000"]]}}
1618677416.833867: {"stream":"zrxusd@depth@100ms","data":{"e":"depthUpdate","E":1618677416824,"s":"ZRXUSD","U":51775909,"u":51775909,"b":[],"a":[["2.0948","0.00000000"]]}}
1618677416.8340192: {"stream":"btcusdt@depth@100ms","data":{"e":"depthUpdate","E":1618677416824,"s":"BTCUSDT","U":372026854,"u":372026854,"b":[["60328.17000000","0.00000000"]],"a":[]}}
1618677416.8341079: {"stream":"btcusdt@bookTicker","data":{"u":372026856,"s":"BTCUSDT","b":"60499.16000000","B":"0.00604200","a":"60516.40000000","A":"0.00599600"}}
1618677416.9038458: {"stream":"btcusdt@depth@100ms","data":{"e":"depthUpdate","E":1618677416924,"s":"BTCUSDT","U":372026855,"u":372026856,"b":[],"a":[["60516.40000000","0.00599600"],["60521.99000000","0.00000000"]]}}
1618677417.0029929: {"stream":"btcusdt@depth@100ms","data":{"e":"depthUpdate","E":1618677417024,"s":"BTCUSDT","U":372026857,"u":372026858,"b":[],"a":[["60540.08000000","0.00000000"],["60560.92000000","0.00866000"]]}}
1618677417.104196: {"stream":"bchusdt@depth@100ms","data":{"e":"depthUpdate","E":1618677417125,"s":"BCHUSDT","U":123518059,"u":123518059,"b":[],"a":[["1058.56000000","3.49234000"]]}}
1618677417.206872: {"stream":"bchusdt@depth@100ms","data":{"e":"depthUpdate","E":1618677417225,"s":"BCHUSDT","U":123518060,"u":123518061,"b":[["1052.74000000","0.94772000"],["1051.91000000","0.00000000"]],"a":[]}}
1618677417.207466: {"stream":"bchusdt@bookTicker","data":{"u":123518063,"s":"BCHUSDT","b":"1052.83000000","B":"0.89975000","a":"1055.00000000","A":"0.09948000"}}
1618677417.304179: {"stream":"zrxusd@depth@100ms","data":{"e":"depthUpdate","E":1618677417325,"s":"ZRXUSD","U":51775910,"u":51775910,"b":[],"a":[["2.0949","653.63000000"]]}}
1618677417.304333: {"stream":"bchusdt@depth@100ms","data":{"e":"depthUpdate","E":1618677417325,"s":"BCHUSDT","U":123518062,"u":123518065,"b":[["1052.02000000","2.20441000"],["1051.93000000","0.00000000"],["1027.52000000","0.00000000"]],"a":[["1054.36000000","0.00000000"]]}}
1618677417.309728: {"stream":"bchusdt@bookTicker","data":{"u":123518066,"s":"BCHUSDT","b":"1052.83000000","B":"0.89975000","a":"1055.26000000","A":"0.90017000"}}
1618677417.311886: {"stream":"bchusdt@bookTicker","data":{"u":123518068,"s":"BCHUSDT","b":"1052.84000000","B":"0.41932000","a":"1055.26000000","A":"0.90017000"}}
1618677417.4033: {"stream":"xlmusdt@depth@100ms","data":{"e":"depthUpdate","E":1618677417425,"s":"XLMUSDT","U":134557818,"u":134557821,"b":[["0.60090000","0.00000000"],["0.60065000","20000.00000000"]],"a":[["0.60244000","0.00000000"],["0.60274000","3318.00000000"]]}}
1618677417.403509: {"stream":"bchusdt@depth@100ms","data":{"e":"depthUpdate","E":1618677417425,"s":"BCHUSDT","U":123518066,"u":123518068,"b":[["1052.84000000","0.41932000"]],"a":[["1055.00000000","0.00000000"],["1055.90000000","0.41932000"]]}}
1618677417.49002: {"stream":"zenusd@bookTicker","data":{"u":6596080,"s":"ZENUSD","b":"121.3330","B":"6.93500000","a":"121.6900","A":"3.14000000"}}
1618677417.491904: {"stream":"zrxusd@bookTicker","data":{"u":51775911,"s":"ZRXUSD","b":"2.0821","B":"719.72000000","a":"2.0889","A":"495.00000000"}}
1618677417.505179: {"stream":"zrxusd@depth@100ms","data":{"e":"depthUpdate","E":1618677417525,"s":"ZRXUSD","U":51775911,"u":51775911,"b":[],"a":[["2.0876","0.00000000"]]}}
1618677417.505332: {"stream":"zenusd@depth@100ms","data":{"e":"depthUpdate","E":1618677417525,"s":"ZENUSD","U":6596079,"u":6596080,"b":[["121.3330","6.93500000"],["113.5660","0.00000000"]],"a":[]}}
1618677417.505445: {"stream":"xlmusdt@depth@100ms","data":{"e":"depthUpdate","E":1618677417525,"s":"XLMUSDT","U":134557822,"u":134557826,"b":[["0.60103000","0.00000000"],["0.60091000","404.60000000"],["0.60043000","0.00000000"]],"a":[["0.60256000","0.00000000"],["0.60274000","0.00000000"]]}}
1618677417.5055292: {"stream":"btcusdt@depth@100ms","data":{"e":"depthUpdate","E":1618677417525,"s":"BTCUSDT","U":372026859,"u":372026859,"b":[],"a":[["60523.38000000","0.00000000"]]}}
1618677417.55064: {"stream":"zrxusd@bookTicker","data":{"u":51775912,"s":"ZRXUSD","b":"2.0821","B":"719.72000000","a":"2.0883","A":"718.87000000"}}
1618677417.59701: {"stream":"xlmusdt@bookTicker","data":{"u":134557828,"s":"XLMUSDT","b":"0.60130000","B":"1416.30000000","a":"0.60261000","A":"3460.00000000"}}
1618677417.603211: {"stream":"zrxusd@depth@100ms","data":{"e":"depthUpdate","E":1618677417625,"s":"ZRXUSD","U":51775912,"u":51775912,"b":[],"a":[["2.0883","718.87000000"]]}}
1618677417.603366: {"stream":"zenusd@depth@100ms","data":{"e":"depthUpdate","E":1618677417625,"s":"ZENUSD","U":6596081,"u":6596081,"b":[["121.0370","0.00000000"]],"a":[]}}
1618677417.604286: {"stream":"ethbusd@depth@100ms","data":{"e":"depthUpdate","E":1618677417626,"s":"ETHBUSD","U":56401191,"u":56401191,"b":[],"a":[["2365.76000000","0.00000000"]]}}
1618677417.604426: {"stream":"atomusdt@depth@100ms","data":{"e":"depthUpdate","E":1618677417625,"s":"ATOMUSDT","U":71292129,"u":71292130,"b":[],"a":[["25.20600000","30.39700000"],["25.22300000","39.64900000"]]}}
1618677417.604513: {"stream":"xlmusdt@depth@100ms","data":{"e":"depthUpdate","E":1618677417626,"s":"XLMUSDT","U":134557827,"u":134557828,"b":[["0.60065000","0.00000000"]],"a":[["0.60216000","0.00000000"]]}}
1618677417.604861: {"stream":"btcusdt@depth@100ms","data":{"e":"depthUpdate","E":1618677417626,"s":"BTCUSDT","U":372026860,"u":372026860,"b":[["60454.75000000","0.00000000"]],"a":[]}}
1618677417.609718: {"stream":"ethbusd@bookTicker","data":{"u":56401192,"s":"ETHBUSD","b":"2360.64000000","B":"0.50000000","a":"2365.13000000","A":"0.63108000"}}
1618677417.652255: {"stream":"btcusdt@bookTicker","data":{"u":372026867,"s":"BTCUSDT","b":"60510.07000000","B":"0.02735900","a":"60516.40000000","A":"0.00599600"}}
1618677417.703107: {"stream":"ethbusd@depth@100ms","data":{"e":"depthUpdate","E":1618677417725,"s":"ETHBUSD","U":56401192,"u":56401192,"b":[["2360.65000000","0.00000000"]],"a":[]}}
1618677417.70326: {"stream":"zenusd@depth@100ms","data":{"e":"depthUpdate","E":1618677417725,"s":"ZENUSD","U":6596082,"u":6596082,"b":[["120.8810","0.00000000"]],"a":[]}}
1618677417.703743: {"stream":"xlmusdt@depth@100ms","data":{"e":"depthUpdate","E":1618677417725,"s":"XLMUSDT","U":134557829,"u":134557829,"b":[["0.60091000","0.00000000"]],"a":[]}}
1618677417.7038121: {"stream":"btcusdt@depth@100ms","data":{"e":"depthUpdate","E":1618677417725,"s":"BTCUSDT","U":372026861,"u":372026868,"b":[["60510.07000000","0.02735900"],["60498.76000000","0.07962000"],["60496.59000000","0.00000000"],["60345.53000000","0.00000000"]],"a":[["60516.41000000","0.00000000"],["60522.00000000","0.00000000"],["60524.17000000","0.07966000"],["60528.35000000","0.09909300"]]}}
1618677417.710825: {"stream":"btcusdt@bookTicker","data":{"u":372026869,"s":"BTCUSDT","b":"60510.07000000","B":"0.02735900","a":"60522.23000000","A":"0.09686400"}}
1618677417.710909: {"stream":"btcusdt@bookTicker","data":{"u":372026870,"s":"BTCUSDT","b":"60510.07000000","B":"0.02735900","a":"60522.22000000","A":"0.00583600"}}
1618677417.75749: {"stream":"ethbusd@bookTicker","data":{"u":56401195,"s":"ETHBUSD","b":"2360.64000000","B":"0.50000000","a":"2365.13000000","A":"0.50000000"}}
1618677417.7575738: {"stream":"xlmusdt@bookTicker","data":{"u":134557830,"s":"XLMUSDT","b":"0.60137000","B":"3316.70000000","a":"0.60261000","A":"3460.00000000"}}
1618677417.803647: {"stream":"xlmusdt@depth@100ms","data":{"e":"depthUpdate","E":1618677417825,"s":"XLMUSDT","U":134557830,"u":134557836,"b":[["0.60137000","3316.70000000"],["0.60122000","3317.50000000"]],"a":[["0.60279000","3317.40000000"],["0.60298000","3316.70000000"],["0.60396000","5450.80000000"],["0.60604000","8066.80000000"],["0.60605000","0.00000000"]]}}
1618677417.8038778: {"stream":"btcusdt@depth@100ms","data":{"e":"depthUpdate","E":1618677417825,"s":"BTCUSDT","U":372026869,"u":372026874,"b":[["60480.01000000","0.00000000"],["60426.58000000","0.01000000"]],"a":[["60516.40000000","0.00000000"],["60522.22000000","0.00583600"],["60632.80000000","0.00000000"],["60824.90000000","0.44104800"]]}}
1618677417.804011: {"stream":"ethbusd@depth@100ms","data":{"e":"depthUpdate","E":1618677417825,"s":"ETHBUSD","U":56401193,"u":56401196,"b":[["2359.89000000","0.00000000"]],"a":[["2365.13000000","0.50000000"],["2366.21000000","0.13663000"],["2366.22000000","0.00000000"]]}}
1618677417.8040771: {"stream":"bchusdt@depth@100ms","data":{"e":"depthUpdate","E":1618677417825,"s":"BCHUSDT","U":123518069,"u":123518070,"b":[["1051.92000000","0.00000000"]],"a":[["1055.33000000","0.00000000"]]}}
1618677417.863435: {"stream":"xlmusdt@bookTicker","data":{"u":134557837,"s":"XLMUSDT","b":"0.60130000","B":"1416.30000000","a":"0.60261000","A":"3460.00000000"}}
1618677417.896048: {"stream":"ethbusd@bookTicker","data":{"u":56401199,"s":"ETHBUSD","b":"2361.05000000","B":"0.84614000","a":"2365.13000000","A":"0.50000000"}}
1618677417.905351: {"stream":"zenusd@depth@100ms","data":{"e":"depthUpdate","E":1618677417926,"s":"ZENUSD","U":6596083,"u":6596084,"b":[["121.2730","16.45100000"],["121.1720","16.45100000"]],"a":[]}}
1618677417.9055412: {"stream":"atomusdt@depth@100ms","data":{"e":"depthUpdate","E":1618677417926,"s":"ATOMUSDT","U":71292131,"u":71292132,"b":[],"a":[["25.21500000","0.00000000"],["25.25200000","64.80000000"]]}}
1618677417.905625: {"stream":"xlmusdt@depth@100ms","data":{"e":"depthUpdate","E":1618677417926,"s":"XLMUSDT","U":134557837,"u":134557838,"b":[["0.60137000","0.00000000"]],"a":[["0.60279000","0.00000000"]]}}
1618677417.905685: {"stream":"btcusdt@depth@100ms","data":{"e":"depthUpdate","E":1618677417926,"s":"BTCUSDT","U":372026875,"u":372026876,"b":[["60489.12000000","0.08000000"],["60426.58000000","0.00000000"]],"a":[]}}
1618677417.905736: {"stream":"ethbusd@depth@100ms","data":{"e":"depthUpdate","E":1618677417926,"s":"ETHBUSD","U":56401197,"u":56401199,"b":[["2361.05000000","0.84614000"]],"a":[["2366.83000000","0.84625000"],["2367.30000000","0.84609000"]]}}
1618677418.00435: {"stream":"btcusdt@depth@100ms","data":{"e":"depthUpdate","E":1618677418025,"s":"BTCUSDT","U":372026877,"u":372026877,"b":[],"a":[["60531.02000000","0.00000000"]]}}
1618677418.164889: {"stream":"xlmusdt@bookTicker","data":{"u":134557840,"s":"XLMUSDT","b":"0.60130000","B":"1416.30000000","a":"0.60262000","A":"3696.90000000"}}
1618677418.171744: {"stream":"xlmusdt@bookTicker","data":{"u":134557842,"s":"XLMUSDT","b":"0.60139000","B":"3316.40000000","a":"0.60262000","A":"3696.90000000"}}
1618677418.203743: {"stream":"zrxusd@depth@100ms","data":{"e":"depthUpdate","E":1618677418225,"s":"ZRXUSD","U":51775913,"u":51775913,"b":[],"a":[["2.0949","0.00000000"]]}}
1618677418.213583: {"stream":"bchusdt@depth@100ms","data":{"e":"depthUpdate","E":1618677418229,"s":"BCHUSDT","U":123518071,"u":123518074,"b":[["1047.24000000","0.62822000"]],"a":[["1056.67000000","3.03270000"],["1056.89000000","0.00000000"],["1058.55000000","1.17100000"]]}}
1618677418.213801: {"stream":"xlmusdt@depth@100ms","data":{"e":"depthUpdate","E":1618677418229,"s":"XLMUSDT","U":134557839,"u":134557844,"b":[["0.60139000","3316.40000000"],["0.59719000","83759.00000000"],["0.59581000","0.00000000"]],"a":[["0.60261000","0.00000000"],["0.60309000","3316.40000000"],["0.60335000","15578.00000000"]]}}
1618677418.21392: {"stream":"btcusdt@depth@100ms","data":{"e":"depthUpdate","E":1618677418229,"s":"BTCUSDT","U":372026878,"u":372026879,"b":[],"a":[["60552.19000000","0.13212400"],["60662.93000000","0.77774000"]]}}
1618677418.405557: {"stream":"zrxusd@depth@100ms","data":{"e":"depthUpdate","E":1618677418425,"s":"ZRXUSD","U":51775914,"u":51775914,"b":[],"a":[["2.0950","647.70000000"]]}}
1618677418.4057071: {"stream":"atomusdt@depth@100ms","data":{"e":"depthUpdate","E":1618677418425,"s":"ATOMUSDT","U":71292133,"u":71292134,"b":[],"a":[["25.20600000","0.00000000"],["28.02900000","555.59800000"]]}}
1618677418.4058392: {"stream":"btcusdt@depth@100ms","data":{"e":"depthUpdate","E":1618677418425,"s":"BTCUSDT","U":372026880,"u":372026880,"b":[["60489.12000000","0.00000000"]],"a":[]}}
1618677418.5039601: {"stream":"bchusdt@depth@100ms","data":{"e":"depthUpdate","E":1618677418526,"s":"BCHUSDT","U":123518075,"u":123518075,"b":[["1046.39000000","0.00000000"]],"a":[]}}
1618677418.5062258: {"stream":"xlmusdt@depth@100ms","data":{"e":"depthUpdate","E":1618677418526,"s":"XLMUSDT","U":134557845,"u":134557845,"b":[],"a":[["0.60590000","0.00000000"]]}}
1618677418.603235: {"stream":"zenusd@depth@100ms","data":{"e":"depthUpdate","E":1618677418626,"s":"ZENUSD","U":6596085,"u":6596086,"b":[["120.1020","0.00000000"]],"a":[["121.8010","0.00000000"]]}}
1618677418.6034079: {"stream":"xlmusdt@depth@100ms","data":{"e":"depthUpdate","E":1618677418626,"s":"XLMUSDT","U":134557846,"u":134557846,"b":[["0.59582000","0.00000000"]],"a":[]}}
1618677418.603838: {"stream":"bchusdt@depth@100ms","data":{"e":"depthUpdate","E":1618677418626,"s":"BCHUSDT","U":123518076,"u":123518078,"b":[["1052.74000000","0.00000000"],["1051.76000000","0.94857000"]],"a":[["1055.89000000","6.00000000"]]}}
1618677418.707289: {"stream":"zenusd@depth@100ms","data":{"e":"depthUpdate","E":1618677418726,"s":"ZENUSD","U":6596087,"u":6596087,"b":[],"a":[["122.0700","16.45000000"]]}}
1618677418.7074392: {"stream":"ethbusd@depth@100ms","data":{"e":"depthUpdate","E":1618677418726,"s":"ETHBUSD","U":56401200,"u":56401200,"b":[],"a":[["2423.28000000","0.00000000"]]}}
1618677418.707527: {"stream":"xlmusdt@depth@100ms","data":{"e":"depthUpdate","E":1618677418726,"s":"XLMUSDT","U":134557847,"u":134557848,"b":[],"a":[["0.60281000","3317.10000000"],["0.60309000","0.00000000"]]}}
1618677418.707586: {"stream":"btcusdt@depth@100ms","data":{"e":"depthUpdate","E":1618677418726,"s":"BTCUSDT","U":372026881,"u":372026882,"b":[["60481.26000000","0.08000000"],["60395.78000000","0.08631400"]],"a":[]}}
1618677418.7076328: {"stream":"bchusdt@depth@100ms","data":{"e":"depthUpdate","E":1618677418726,"s":"BCHUSDT","U":123518079,"u":123518081,"b":[],"a":[["1055.88000000","0.10420000"],["1055.90000000","0.00000000"],["1055.91000000","0.00000000"]]}}
1618677418.731244: {"stream":"xlmusdt@bookTicker","data":{"u":134557849,"s":"XLMUSDT","b":"0.60130000","B":"1416.30000000","a":"0.60262000","A":"3696.90000000"}}
1618677418.796561: {"stream":"btcusdt@bookTicker","data":{"u":372026884,"s":"BTCUSDT","b":"60499.16000000","B":"0.00604200","a":"60522.22000000","A":"0.00583600"}}
1618677418.7966468: {"stream":"btcusdt@bookTicker","data":{"u":372026885,"s":"BTCUSDT","b":"60506.09000000","B":"0.02373500","a":"60522.22000000","A":"0.00583600"}}
1618677418.8054621: {"stream":"xlmusdt@depth@100ms","data":{"e":"depthUpdate","E":1618677418826,"s":"XLMUSDT","U":134557849,"u":134557849,"b":[["0.60139000","0.00000000"]],"a":[]}}
1618677418.8056252: {"stream":"btcusdt@depth@100ms","data":{"e":"depthUpdate","E":1618677418826,"s":"BTCUSDT","U":372026883,"u":372026886,"b":[["60510.07000000","0.00000000"],["60506.09000000","0.02373500"],["60358.53000000","0.00000000"],["60354.36000000","0.21555600"]],"a":[]}}
1618677418.875903: {"stream":"bchusdt@bookTicker","data":{"u":123518084,"s":"BCHUSDT","b":"1052.84000000","B":"0.41932000","a":"1055.01000000","A":"0.94870000"}}
1618677418.9055932: {"stream":"bchusdt@depth@100ms","data":{"e":"depthUpdate","E":1618677418926,"s":"BCHUSDT","U":123518082,"u":123518085,"b":[],"a":[["1055.01000000","0.94870000"],["1055.28000000","1.42354000"],["1055.89000000","0.00000000"],["1056.70000000","0.00000000"]]}}
1618677418.905792: {"stream":"omgusd@depth@100ms","data":{"e":"depthUpdate","E":1618677418926,"s":"OMGUSD","U":66532577,"u":66532578,"b":[["9.4987","1040.20000000"],["9.4849","0.00000000"]],"a":[]}}
1618677419.0052512: {"stream":"bchusdt@depth@100ms","data":{"e":"depthUpdate","E":1618677419026,"s":"BCHUSDT","U":123518086,"u":123518088,"b":[],"a":[["1055.25000000","0.41583000"],["1055.87000000","6.00000000"],["1055.88000000","0.00000000"]]}}
1618677419.005436: {"stream":"xlmusdt@depth@100ms","data":{"e":"depthUpdate","E":1618677419026,"s":"XLMUSDT","U":134557850,"u":134557850,"b":[],"a":[["0.60643000","292969.00000000"]]}}
1618677419.005523: {"stream":"btcusdt@depth@100ms","data":{"e":"depthUpdate","E":1618677419026,"s":"BTCUSDT","U":372026887,"u":372026887,"b":[["60433.50000000","0.01000000"]],"a":[]}}
1618677419.098349: {"stream":"zrxusd@bookTicker","data":{"u":51775915,"s":"ZRXUSD","b":"2.0821","B":"1078.94000000","a":"2.0883","A":"718.87000000"}}
1618677419.1064918: {"stream":"zrxusd@depth@100ms","data":{"e":"depthUpdate","E":1618677419127,"s":"ZRXUSD","U":51775915,"u":51775915,"b":[["2.0821","1078.94000000"]],"a":[]}}
1618677419.205776: {"stream":"bchusdt@depth@100ms","data":{"e":"depthUpdate","E":1618677419226,"s":"BCHUSDT","U":123518089,"u":123518089,"b":[],"a":[["1055.87000000","0.00000000"]]}}
1618677419.226061: {"stream":"bchusdt@bookTicker","data":{"u":123518096,"s":"BCHUSDT","b":"1052.84000000","B":"0.41932000","a":"1054.45000000","A":"0.70085000"}}
1618677419.248511: {"stream":"zenusd@bookTicker","data":{"u":6596088,"s":"ZENUSD","b":"121.3330","B":"6.93500000","a":"121.7220","A":"56.48600000"}}
1618677419.308042: {"stream":"zenusd@depth@100ms","data":{"e":"depthUpdate","E":1618677419329,"s":"ZENUSD","U":6596088,"u":6596089,"b":[],"a":[["121.6900","0.00000000"],["121.9280","11.22000000"]]}}
1618677419.308203: {"stream":"xlmusdt@depth@100ms","data":{"e":"depthUpdate","E":1618677419329,"s":"XLMUSDT","U":134557851,"u":134557853,"b":[["0.60110000","3317.20000000"]],"a":[["0.60266000","3317.70000000"],["0.60298000","0.00000000"]]}}
1618677419.30834: {"stream":"bchusdt@depth@100ms","data":{"e":"depthUpdate","E":1618677419329,"s":"BCHUSDT","U":123518090,"u":123518097,"b":[["1052.83000000","0.00000000"],["1052.02000000","0.00000000"],["1028.76000000","9.06555000"],["1027.42000000","11.74308000"]],"a":[["1054.45000000","0.70085000"],["1055.24000000","6.00000000"],["1131.87000000","0.00000000"]]}}
1618677419.315669: {"stream":"bchusdt@bookTicker","data":{"u":123518099,"s":"BCHUSDT","b":"1051.76000000","B":"0.94857000","a":"1054.45000000","A":"0.70085000"}}
1618677419.401621: {"stream":"zenusd@bookTicker","data":{"u":6596090,"s":"ZENUSD","b":"121.2730","B":"16.45100000","a":"121.7220","A":"56.48600000"}}
1618677419.420916: {"stream":"zenusd@depth@100ms","data":{"e":"depthUpdate","E":1618677419426,"s":"ZENUSD","U":6596090,"u":6596090,"b":[["121.3330","0.00000000"]],"a":[]}}
1618677419.421094: {"stream":"bchusdt@depth@100ms","data":{"e":"depthUpdate","E":1618677419426,"s":"BCHUSDT","U":123518098,"u":123518100,"b":[["1052.84000000","0.00000000"]],"a":[["1055.00000000","0.10748000"],["1055.25000000","0.00000000"]]}}
1618677419.4212081: {"stream":"btcusdt@depth@100ms","data":{"e":"depthUpdate","E":1618677419426,"s":"BTCUSDT","U":372026888,"u":372026888,"b":[],"a":[["60540.01000000","0.02097500"]]}}
1618677419.421567: {"stream":"bchusdt@bookTicker","data":{"u":123518102,"s":"BCHUSDT","b":"1051.77000000","B":"0.41583000","a":"1054.45000000","A":"0.70085000"}}
1618677419.425591: {"stream":"bchusdt@bookTicker","data":{"u":123518103,"s":"BCHUSDT","b":"1051.77000000","B":"0.41583000","a":"1054.44000000","A":"0.41583000"}}
1618677419.506003: {"stream":"zrxusd@depth@100ms","data":{"e":"depthUpdate","E":1618677419528,"s":"ZRXUSD","U":51775916,"u":51775917,"b":[["2.0792","237.18000000"]],"a":[["2.0928","40.00000000"]]}}
1618677419.506146: {"stream":"bchusdt@depth@100ms","data":{"e":"depthUpdate","E":1618677419528,"s":"BCHUSDT","U":123518101,"u":123518103,"b":[["1051.77000000","0.41583000"]],"a":[["1054.44000000","0.41583000"],["1055.00000000","0.00000000"]]}}
1618677419.605254: {"stream":"zenusd@depth@100ms","data":{"e":"depthUpdate","E":1618677419626,"s":"ZENUSD","U":6596091,"u":6596094,"b":[["121.2370","6.48000000"],["120.2480","9.06800000"],["113.9710","0.00000000"],["113.8990","108.04300000"]],"a":[]}}
1618677419.605449: {"stream":"xlmusdt@depth@100ms","data":{"e":"depthUpdate","E":1618677419626,"s":"XLMUSDT","U":134557854,"u":134557854,"b":[["0.59355000","37.00000000"]],"a":[]}}
1618677419.60554: {"stream":"zrxusd@depth@100ms","data":{"e":"depthUpdate","E":1618677419626,"s":"ZRXUSD","U":51775918,"u":51775919,"b":[["2.0803","2000.00000000"]],"a":[["2.0939","2000.00000000"]]}}
1618677419.632712: {"stream":"bchusdt@bookTicker","data":{"u":123518104,"s":"BCHUSDT","b":"1051.77000000","B":"0.41583000","a":"1054.43000000","A":"0.91608000"}}
1618677419.704503: {"stream":"ethbusd@depth@100ms","data":{"e":"depthUpdate","E":1618677419726,"s":"ETHBUSD","U":56401201,"u":56401201,"b":[],"a":[["2424.31000000","0.01025000"]]}}
1618677419.704656: {"stream":"atomusdt@depth@100ms","data":{"e":"depthUpdate","E":1618677419726,"s":"ATOMUSDT","U":71292135,"u":71292138,"b":[],"a":[["25.20500000","0.00000000"],["25.20800000","39.67300000"],["25.22300000","0.00000000"],["25.23100000","19.80000000"]]}}
1618677419.704791: {"stream":"bchusdt@depth@100ms","data":{"e":"depthUpdate","E":1618677419726,"s":"BCHUSDT","U":123518104,"u":123518104,"b":[],"a":[["1054.43000000","0.91608000"]]}}
1618677419.712663: {"stream":"bchusdt@bookTicker","data":{"u":123518105,"s":"BCHUSDT","b":"1051.77000000","B":"0.41583000","a":"1054.42000000","A":"0.10760000"}}
1618677419.768358: {"stream":"xlmusdt@bookTicker","data":{"u":134557857,"s":"XLMUSDT","b":"0.60130000","B":"1416.30000000","a":"0.60250000","A":"3318.50000000"}}
1618677419.805275: {"stream":"ethbusd@depth@100ms","data":{"e":"depthUpdate","E":1618677419826,"s":"ETHBUSD","U":56401202,"u":56401203,"b":[],"a":[["2366.25000000","0.84629000"],["2367.30000000","0.00000000"]]}}
1618677419.8054469: {"stream":"xlmusdt@depth@100ms","data":{"e":"depthUpdate","E":1618677419826,"s":"XLMUSDT","U":134557855,"u":134557858,"b":[["0.60122000","0.00000000"],["0.60090000","3318.20000000"]],"a":[["0.60250000","3318.50000000"],["0.60281000","0.00000000"]]}}
1618677419.805587: {"stream":"bchusdt@depth@100ms","data":{"e":"depthUpdate","E":1618677419826,"s":"BCHUSDT","U":123518105,"u":123518111,"b":[["1051.76000000","0.00000000"],["1051.48000000","0.00000000"],["1050.86000000","0.94927000"],["1050.24000000","1.42395000"]],"a":[["1054.42000000","0.10760000"],["1054.44000000","0.00000000"],["1055.24000000","0.00000000"]]}}
1618677419.8425221: {"stream":"btcusdt@bookTicker","data":{"u":372026891,"s":"BTCUSDT","b":"60506.09000000","B":"0.02373500","a":"60521.83000000","A":"0.07974000"}}
1618677419.892587: {"stream":"btcusdt@bookTicker","data":{"u":372026894,"s":"BTCUSDT","b":"60506.09000000","B":"0.02373500","a":"60522.22000000","A":"0.00583600"}}
1618677419.8954408: {"stream":"zrxusd@bookTicker","data":{"u":51775920,"s":"ZRXUSD","b":"2.0821","B":"719.72000000","a":"2.0883","A":"718.87000000"}}
1618677419.907825: {"stream":"btcusdt@depth@100ms","data":{"e":"depthUpdate","E":1618677419929,"s":"BTCUSDT","U":372026889,"u":372026897,"b":[["60499.15000000","0.00000000"],["60498.76000000","0.00000000"],["60496.41000000","0.00000000"],["60433.50000000","0.00000000"]],"a":[["60521.83000000","0.00000000"],["60524.17000000","0.00000000"],["60528.35000000","0.00000000"]]}}
1618677419.908052: {"stream":"zrxusd@depth@100ms","data":{"e":"depthUpdate","E":1618677419929,"s":"ZRXUSD","U":51775920,"u":51775920,"b":[["2.0821","719.72000000"]],"a":[]}}
1618677419.9081411: {"stream":"bchusdt@depth@100ms","data":{"e":"depthUpdate","E":1618677419929,"s":"BCHUSDT","U":123518112,"u":123518113,"b":[],"a":[["1055.01000000","0.00000000"],["1055.07000000","6.00000000"]]}}
1618677419.924133: {"stream":"btcusdt@bookTicker","data":{"u":372026899,"s":"BTCUSDT","b":"60506.09000000","B":"0.02373500","a":"60517.09000000","A":"0.08040000"}}
1618677420.005035: {"stream":"xlmusdt@depth@100ms","data":{"e":"depthUpdate","E":1618677420027,"s":"XLMUSDT","U":134557859,"u":134557859,"b":[["0.60110000","0.00000000"]],"a":[]}}
1618677420.005142: {"stream":"btcusdt@depth@100ms","data":{"e":"depthUpdate","E":1618677420027,"s":"BTCUSDT","U":372026898,"u":372026904,"b":[["60491.68000000","0.08016000"],["60489.07000000","0.00000000"],["60470.97000000","0.13213800"]],"a":[["60517.09000000","0.08040000"],["60523.17000000","0.09910300"],["60533.35000000","0.13213800"],["60552.19000000","0.00000000"]]}}
1618677420.015153: {"stream":"btcusdt@bookTicker","data":{"u":372026905,"s":"BTCUSDT","b":"60506.09000000","B":"0.02373500","a":"60517.08000000","A":"0.00565900"}}
1618677420.107546: {"stream":"zenusd@depth@100ms","data":{"e":"depthUpdate","E":1618677420127,"s":"ZENUSD","U":6596095,"u":6596096,"b":[],"a":[["121.8140","16.46000000"],["122.0700","0.00000000"]]}}
1618677420.1077209: {"stream":"btcusdt@depth@100ms","data":{"e":"depthUpdate","E":1618677420127,"s":"BTCUSDT","U":372026905,"u":372026908,"b":[["60481.26000000","0.00000000"]],"a":[["60517.08000000","0.00565900"],["60522.22000000","0.00000000"],["60540.02000000","0.00000000"]]}}
1618677420.107847: {"stream":"bchusdt@depth@100ms","data":{"e":"depthUpdate","E":1618677420127,"s":"BCHUSDT","U":123518114,"u":123518116,"b":[],"a":[["1055.07000000","0.00000000"],["1056.66000000","1.17100000"],["1058.55000000","0.00000000"]]}}
1618677420.1773891: {"stream":"ethbusd@bookTicker","data":{"u":56401204,"s":"ETHBUSD","b":"2361.05000000","B":"0.84614000","a":"2365.13000000","A":"1.80000000"}}
1618677420.1892228: {"stream":"ethbusd@bookTicker","data":{"u":56401205,"s":"ETHBUSD","b":"2361.05000000","B":"0.84614000","a":"2365.12000000","A":"1.30000000"}}
1618677420.198168: {"stream":"ethbusd@bookTicker","data":{"u":56401206,"s":"ETHBUSD","b":"2360.64000000","B":"0.50000000","a":"2365.12000000","A":"1.30000000"}}
1618677420.19825: {"stream":"ethbusd@bookTicker","data":{"u":56401207,"s":"ETHBUSD","b":"2360.64000000","B":"0.50000000","a":"2365.13000000","A":"1.80000000"}}
1618677420.205801: {"stream":"zenusd@depth@100ms","data":{"e":"depthUpdate","E":1618677420227,"s":"ZENUSD","U":6596097,"u":6596097,"b":[],"a":[["121.9280","8.08000000"]]}}
1618677420.2059379: {"stream":"ethbusd@depth@100ms","data":{"e":"depthUpdate","E":1618677420227,"s":"ETHBUSD","U":56401204,"u":56401207,"b":[["2361.05000000","0.00000000"]],"a":[["2365.12000000","0.00000000"],["2365.13000000","1.80000000"]]}}
1618677420.2060428: {"stream":"btcusdt@depth@100ms","data":{"e":"depthUpdate","E":1618677420227,"s":"BTCUSDT","U":372026909,"u":372026911,"b":[["60474.74000000","0.08000000"]],"a":[["60522.22000000","0.07632000"],["60533.32000000","0.08000000"]]}}
1618677420.2105181: {"stream":"zenusd@bookTicker","data":{"u":6596098,"s":"ZENUSD","b":"121.2730","B":"16.45100000","a":"121.7210","A":"3.14000000"}}
1618677420.2127402: {"stream":"ethbusd@bookTicker","data":{"u":56401208,"s":"ETHBUSD","b":"2360.64000000","B":"1.50000000","a":"2365.13000000","A":"1.80000000"}}
1618677420.3066938: {"stream":"zenusd@depth@100ms","data":{"e":"depthUpdate","E":1618677420327,"s":"ZENUSD","U":6596098,"u":6596098,"b":[],"a":[["121.7210","3.14000000"]]}}
1618677420.306849: {"stream":"ethbusd@depth@100ms","data":{"e":"depthUpdate","E":1618677420327,"s":"ETHBUSD","U":56401208,"u":56401211,"b":[["2360.64000000","1.50000000"],["2360.01000000","0.84638000"]],"a":[["2365.46000000","0.13650000"],["2366.21000000","0.00000000"]]}}
1618677420.505994: {"stream":"btcusdt@depth@100ms","data":{"e":"depthUpdate","E":1618677420527,"s":"BTCUSDT","U":372026912,"u":372026912,"b":[],"a":[["60540.01000000","0.00000000"]]}}
1618677420.513512: {"stream":"ethbusd@bookTicker","data":{"u":56401212,"s":"ETHBUSD","b":"2360.65000000","B":"1.00000000","a":"2365.13000000","A":"1.80000000"}}
1618677420.606975: {"stream":"ethbusd@depth@100ms","data":{"e":"depthUpdate","E":1618677420628,"s":"ETHBUSD","U":56401212,"u":56401212,"b":[["2360.65000000","1.00000000"]],"a":[]}}
1618677420.607127: {"stream":"xlmusdt@depth@100ms","data":{"e":"depthUpdate","E":1618677420628,"s":"XLMUSDT","U":134557860,"u":134557861,"b":[["0.60072000","102.90000000"]],"a":[["0.60298000","12153.70000000"]]}}
1618677420.613069: {"stream":"ethbusd@bookTicker","data":{"u":56401213,"s":"ETHBUSD","b":"2360.66000000","B":"0.10135000","a":"2365.13000000","A":"1.80000000"}}
1618677420.622689: {"stream":"ethbusd@bookTicker","data":{"u":56401215,"s":"ETHBUSD","b":"2360.66000000","B":"1.10135000","a":"2365.13000000","A":"1.80000000"}}
1618677420.6546712: {"stream":"ethbusd@bookTicker","data":{"u":56401216,"s":"ETHBUSD","b":"2360.67000000","B":"1.00000000","a":"2365.13000000","A":"1.80000000"}}
1618677420.705371: {"stream":"ethbusd@depth@100ms","data":{"e":"depthUpdate","E":1618677420727,"s":"ETHBUSD","U":56401213,"u":56401217,"b":[["2360.67000000","1.00000000"],["2360.66000000","0.10135000"],["2360.65000000","0.00000000"]],"a":[]}}
1618677420.705556: {"stream":"btcusdt@depth@100ms","data":{"e":"depthUpdate","E":1618677420727,"s":"BTCUSDT","U":372026913,"u":372026913,"b":[],"a":[["60533.32000000","0.00000000"]]}}
1618677420.806648: {"stream":"xlmusdt@depth@100ms","data":{"e":"depthUpdate","E":1618677420827,"s":"XLMUSDT","U":134557862,"u":134557862,"b":[["0.60072000","0.00000000"]],"a":[]}}
1618677420.806798: {"stream":"ethbusd@depth@100ms","data":{"e":"depthUpdate","E":1618677420827,"s":"ETHBUSD","U":56401218,"u":56401218,"b":[["2360.66000000","0.00000000"]],"a":[]}}
1618677420.813681: {"stream":"ethbusd@bookTicker","data":{"u":56401219,"s":"ETHBUSD","b":"2360.68000000","B":"0.10135000","a":"2365.13000000","A":"1.80000000"}}
1618677420.824215: {"stream":"ethbusd@bookTicker","data":{"u":56401221,"s":"ETHBUSD","b":"2360.68000000","B":"1.10135000","a":"2365.13000000","A":"1.80000000"}}
1618677420.8522382: {"stream":"ethbusd@bookTicker","data":{"u":56401222,"s":"ETHBUSD","b":"2360.69000000","B":"1.00000000","a":"2365.13000000","A":"1.80000000"}}
1618677420.9068859: {"stream":"ethbusd@depth@100ms","data":{"e":"depthUpdate","E":1618677420928,"s":"ETHBUSD","U":56401219,"u":56401223,"b":[["2360.69000000","1.00000000"],["2360.68000000","0.10135000"],["2360.67000000","0.00000000"]],"a":[]}}
1618677420.9070752: {"stream":"bchusdt@depth@100ms","data":{"e":"depthUpdate","E":1618677420928,"s":"BCHUSDT","U":123518117,"u":123518117,"b":[],"a":[["1055.21000000","6.00000000"]]}}
1618677420.907545: {"stream":"bchusdt@bookTicker","data":{"u":123518118,"s":"BCHUSDT","b":"1051.77000000","B":"0.41583000","a":"1053.96000000","A":"0.94957000"}}
1618677421.009606: {"stream":"ethbusd@depth@100ms","data":{"e":"depthUpdate","E":1618677421030,"s":"ETHBUSD","U":56401224,"u":56401224,"b":[["2360.68000000","0.00000000"]],"a":[]}}
1618677421.0097651: {"stream":"bchusdt@depth@100ms","data":{"e":"depthUpdate","E":1618677421030,"s":"BCHUSDT","U":123518118,"u":123518119,"b":[],"a":[["1053.96000000","0.94957000"],["1055.21000000","0.00000000"]]}}
1618677421.009862: {"stream":"btcusdt@depth@100ms","data":{"e":"depthUpdate","E":1618677421030,"s":"BTCUSDT","U":372026914,"u":372026914,"b":[],"a":[["60540.05000000","0.08000000"]]}}
1618677421.016435: {"stream":"ethbusd@bookTicker","data":{"u":56401225,"s":"ETHBUSD","b":"2360.70000000","B":"0.10135000","a":"2365.13000000","A":"1.80000000"}}
1618677421.045132: {"stream":"xlmusdt@bookTicker","data":{"u":134557864,"s":"XLMUSDT","b":"0.60130000","B":"1416.30000000","a":"0.60249000","A":"497.90000000"}}
1618677421.052193: {"stream":"bchusdt@bookTicker","data":{"u":123518120,"s":"BCHUSDT","b":"1051.77000000","B":"0.41583000","a":"1053.95000000","A":"0.28464000"}}
1618677421.058644: {"stream":"ethbusd@bookTicker","data":{"u":56401227,"s":"ETHBUSD","b":"2360.70000000","B":"1.10135000","a":"2365.13000000","A":"1.80000000"}}
1618677421.092014: {"stream":"omgusd@bookTicker","data":{"u":66532579,"s":"OMGUSD","b":"9.5379","B":"88.05000000","a":"9.5621","A":"50.00000000"}}
1618677421.107221: {"stream":"atomusdt@depth@100ms","data":{"e":"depthUpdate","E":1618677421127,"s":"ATOMUSDT","U":71292139,"u":71292139,"b":[],"a":[["25.34100000","0.00000000"]]}}
1618677421.107386: {"stream":"ethbusd@depth@100ms","data":{"e":"depthUpdate","E":1618677421127,"s":"ETHBUSD","U":56401225,"u":56401228,"b":[["2360.70000000","1.10135000"],["2360.69000000","0.00000000"]],"a":[["2371.65000000","0.00000000"]]}}
1618677421.107463: {"stream":"xlmusdt@depth@100ms","data":{"e":"depthUpdate","E":1618677421127,"s":"XLMUSDT","U":134557863,"u":134557864,"b":[["0.60091000","499.20000000"]],"a":[["0.60249000","497.90000000"]]}}
1618677421.107518: {"stream":"btcusdt@depth@100ms","data":{"e":"depthUpdate","E":1618677421127,"s":"BTCUSDT","U":372026915,"u":372026916,"b":[["60395.78000000","0.00000000"]],"a":[["60662.93000000","0.00000000"]]}}
1618677421.107569: {"stream":"bchusdt@depth@100ms","data":{"e":"depthUpdate","E":1618677421127,"s":"BCHUSDT","U":123518120,"u":123518123,"b":[["1051.22000000","0.28538000"]],"a":[["1053.95000000","0.28464000"],["1056.67000000","0.00000000"],["1129.98000000","0.00000000"]]}}
1618677421.1076322: {"stream":"omgusd@depth@100ms","data":{"e":"depthUpdate","E":1618677421127,"s":"OMGUSD","U":66532579,"u":66532579,"b":[["9.5422","0.00000000"]],"a":[]}}
1618677421.111107: {"stream":"ethbusd@bookTicker","data":{"u":56401229,"s":"ETHBUSD","b":"2360.70000000","B":"1.00000000","a":"2365.13000000","A":"1.80000000"}}
1618677421.195769: {"stream":"btcusdt@bookTicker","data":{"u":372026918,"s":"BTCUSDT","b":"60506.09000000","B":"0.02373500","a":"60516.61000000","A":"0.09911200"}}
1618677421.208713: {"stream":"xlmusdt@depth@100ms","data":{"e":"depthUpdate","E":1618677421227,"s":"XLMUSDT","U":134557865,"u":134557865,"b":[],"a":[["0.60266000","0.00000000"]]}}
1618677421.2088692: {"stream":"btcusdt@depth@100ms","data":{"e":"depthUpdate","E":1618677421227,"s":"BTCUSDT","U":372026917,"u":372026919,"b":[["60488.85000000","0.09911200"]],"a":[["60516.61000000","0.09911200"],["60523.17000000","0.00000000"]]}}
1618677421.2089899: {"stream":"ethbusd@depth@100ms","data":{"e":"depthUpdate","E":1618677421227,"s":"ETHBUSD","U":56401229,"u":56401229,"b":[["2360.70000000","1.00000000"]],"a":[]}}
1618677421.209028: {"stream":"omgusd@depth@100ms","data":{"e":"depthUpdate","E":1618677421227,"s":"OMGUSD","U":66532580,"u":66532580,"b":[["9.5355","209.41000000"]],"a":[]}}
1618677421.213591: {"stream":"ethbusd@bookTicker","data":{"u":56401230,"s":"ETHBUSD","b":"2360.71000000","B":"0.10139000","a":"2365.13000000","A":"1.80000000"}}
1618677421.213695: {"stream":"btcusdt@bookTicker","data":{"u":372026920,"s":"BTCUSDT","b":"60506.09000000","B":"0.02373500","a":"60516.60000000","A":"0.00556800"}}
1618677421.222935: {"stream":"xlmusdt@bookTicker","data":{"u":134557866,"s":"XLMUSDT","b":"0.60130000","B":"1416.30000000","a":"0.60229000","A":"3319.40000000"}}
1618677421.22737: {"stream":"ethbusd@bookTicker","data":{"u":56401231,"s":"ETHBUSD","b":"2360.71000000","B":"0.10139000","a":"2365.13000000","A":"0.50000000"}}
1618677421.229673: {"stream":"ethbusd@bookTicker","data":{"u":56401232,"s":"ETHBUSD","b":"2360.71000000","B":"1.10139000","a":"2365.13000000","A":"0.50000000"}}
1618677421.2340748: {"stream":"ethbusd@bookTicker","data":{"u":56401234,"s":"ETHBUSD","b":"2360.71000000","B":"1.10139000","a":"2365.12000000","A":"1.30000000"}}
1618677421.2359731: {"stream":"bchusdt@bookTicker","data":{"u":123518124,"s":"BCHUSDT","b":"1051.77000000","B":"0.41583000","a":"1053.49000000","A":"0.79564000"}}
1618677421.266947: {"stream":"ethbusd@bookTicker","data":{"u":56401235,"s":"ETHBUSD","b":"2360.71000000","B":"1.10139000","a":"2365.11000000","A":"1.30000000"}}
1618677421.273996: {"stream":"ethbusd@bookTicker","data":{"u":56401236,"s":"ETHBUSD","b":"2360.72000000","B":"1.00000000","a":"2365.11000000","A":"1.30000000"}}
1618677421.288739: {"stream":"ethbusd@bookTicker","data":{"u":56401238,"s":"ETHBUSD","b":"2360.72000000","B":"1.00000000","a":"2365.12000000","A":"1.30000000"}}
1618677421.306734: {"stream":"xlmusdt@depth@100ms","data":{"e":"depthUpdate","E":1618677421328,"s":"XLMUSDT","U":134557866,"u":134557868,"b":[["0.60090000","0.00000000"],["0.60082000","3318.70000000"]],"a":[["0.60229000","3319.40000000"]]}}
1618677421.306932: {"stream":"ethbusd@depth@100ms","data":{"e":"depthUpdate","E":1618677421327,"s":"ETHBUSD","U":56401230,"u":56401238,"b":[["2360.72000000","1.00000000"],["2360.71000000","0.10139000"],["2360.64000000","0.50000000"]],"a":[["2365.11000000","0.00000000"],["2365.12000000","1.30000000"],["2365.13000000","0.50000000"]]}}
1618677421.307029: {"stream":"btcusdt@depth@100ms","data":{"e":"depthUpdate","E":1618677421328,"s":"BTCUSDT","U":372026920,"u":372026921,"b":[],"a":[["60516.60000000","0.00556800"],["60517.08000000","0.00000000"]]}}
1618677421.307083: {"stream":"bchusdt@depth@100ms","data":{"e":"depthUpdate","E":1618677421327,"s":"BCHUSDT","U":123518124,"u":123518124,"b":[],"a":[["1053.49000000","0.79564000"]]}}
1618677421.30712: {"stream":"omgusd@depth@100ms","data":{"e":"depthUpdate","E":1618677421328,"s":"OMGUSD","U":66532581,"u":66532582,"b":[],"a":[["9.5665","803.50000000"],["9.5804","0.00000000"]]}}
1618677421.4057448: {"stream":"ethbusd@depth@100ms","data":{"e":"depthUpdate","E":1618677421428,"s":"ETHBUSD","U":56401239,"u":56401239,"b":[["2360.71000000","0.00000000"]],"a":[]}}
1618677421.4059021: {"stream":"btcusdt@depth@100ms","data":{"e":"depthUpdate","E":1618677421428,"s":"BTCUSDT","U":372026922,"u":372026925,"b":[],"a":[["60517.08000000","0.00000000"],["60522.21000000","0.07624800"],["60522.22000000","0.00000000"]]}}
1618677421.406469: {"stream":"bchusdt@depth@100ms","data":{"e":"depthUpdate","E":1618677421428,"s":"BCHUSDT","U":123518125,"u":123518126,"b":[],"a":[["1053.95000000","0.69234000"],["1054.42000000","0.00000000"]]}}
1618677421.412137: {"stream":"ethbusd@bookTicker","data":{"u":56401240,"s":"ETHBUSD","b":"2360.73000000","B":"0.10134000","a":"2365.12000000","A":"1.30000000"}}
1618677421.4272351: {"stream":"ethbusd@bookTicker","data":{"u":56401241,"s":"ETHBUSD","b":"2360.73000000","B":"1.10134000","a":"2365.12000000","A":"1.30000000"}}
1618677421.4567602: {"stream":"ethbusd@bookTicker","data":{"u":56401243,"s":"ETHBUSD","b":"2360.74000000","B":"1.00000000","a":"2365.12000000","A":"1.30000000"}}
1618677421.508215: {"stream":"ethbusd@depth@100ms","data":{"e":"depthUpdate","E":1618677421528,"s":"ETHBUSD","U":56401240,"u":56401244,"b":[["2360.74000000","1.00000000"],["2360.73000000","0.10134000"],["2360.72000000","0.00000000"]],"a":[]}}
1618677421.588626: {"stream":"usdtusd@aggTrade","data":{"e":"aggTrade","E":1618677421608,"s":"USDTUSD","a":4837006,"p":"1.0011","q":"114.06000000","f":5148734,"l":5148734,"T":1618677421608,"m":false,"M":true}}
