wss://dstream.binance.com/stream?streams=ethusd_210625@depth@100ms/bchusd_210625@depth@100ms/btcusd_perp@depth@100ms/xrpusd_210625@depth@100ms/btcusd_210924@depth@100ms/egldusd_perp@depth@100ms/linkusd_210625@depth@100ms/dotusd_210625@depth@100ms/ethusd_210924@depth@100ms/linkusd_210924@depth@100ms/ethusd_210625@aggTrade/bchusd_210625@aggTrade/btcusd_perp@aggTrade/xrpusd_210625@aggTrade/btcusd_210924@aggTrade/egldusd_perp@aggTrade/linkusd_210625@aggTrade/dotusd_210625@aggTrade/ethusd_210924@aggTrade/linkusd_210924@aggTrade/ethusd_210625@bookTicker/bchusd_210625@bookTicker/btcusd_perp@bookTicker/xrpusd_210625@bookTicker/btcusd_210924@bookTicker/egldusd_perp@bookTicker/linkusd_210625@bookTicker/dotusd_210625@bookTicker/ethusd_210924@bookTicker/linkusd_210924@bookTicker <-> 1618677479.300887
1618677480.0770838: {"stream":"ethusd_210625@bookTicker","data":{"u":86143354147,"e":"bookTicker","s":"ETHUSD_210625","ps":"ETHUSD","b":"2509.10","B":"1187","a":"2509.11","A":"8152","T":1618677480020,"E":1618677480023}}
1618677480.081984: {"stream":"btcusd_perp@bookTicker","data":{"u":86143354171,"e":"bookTicker","s":"BTCUSD_PERP","ps":"BTCUSD","b":"60581.0","B":"5981","a":"60581.1","A":"7944","T":1618677480023,"E":1618677480028}}
1618677480.08607: {"stream":"bchusd_210625@bookTicker","data":{"u":86143354211,"e":"bookTicker","s":"BCHUSD_210625","ps":"BCHUSD","b":"1127.47","B":"35","a":"1128.52","A":"92","T":1618677480028,"E":1618677480031}}
1618677480.088481: {"stream":"dotusd_210625@bookTicker","data":{"u":86143354233,"e":"bookTicker","s":"DOTUSD_210625","ps":"DOTUSD","b":"46.734","B":"21","a":"46.761","A":"200","T":1618677480031,"E":1618677480035}}
1618677480.096106: {"stream":"bchusd_210625@bookTicker","data":{"u":86143354277,"e":"bookTicker","s":"BCHUSD_210625","ps":"BCHUSD","b":"1127.48","B":"30","a":"1128.52","A":"92","T":1618677480038,"E":1618677480043}}
1618677480.100234: {"stream":"linkusd_210625@bookTicker","data":{"u":86143354316,"e":"bookTicker","s":"LINKUSD_210625","ps":"LINKUSD","b":"43.726","B":"6","a":"43.747","A":"32","T":1618677480046,"E":1618677480048}}
1618677480.104615: {"stream":"bchusd_210625@depth@100ms","data":{"e":"depthUpdate","E":1618677480052,"T":1618677480038,"s":"BCHUSD_210625","ps":"BCHUSD","U":86143353824,"u":86143354277,"pu":86143353818,"b":[["1126.67","0"],["1126.68","0"],["1127.43","0"],["1127.44","0"],["1127.47","35"],["1127.48","30"],["1127.50","0"]],"a":[["1142.06","113"]]}}
1618677480.6167371: {"stream":"egldusd_perp@depth@100ms","data":{"e":"depthUpdate","E":1618677480052,"T":1618677480047,"s":"EGLDUSD_PERP","ps":"EGLDUSD","U":86143353836,"u":86143354322,"pu":86143353645,"b":[["215.263","0"],["215.432","315"]],"a":[["216.379","0"],["216.382","0"],["216.469","238"],["217.674","1292"]]}}
1618677481.227155: {"stream":"btcusd_perp@depth@100ms","data":{"e":"depthUpdate","E":1618677480059,"T":1618677480049,"s":"BTCUSD_PERP","ps":"BTCUSD","U":86143353853,"u":86143354336,"pu":86143353805,"b":[["60581.0","5981"],["60581.2","0"]],"a":[["60580.9","0"],["60585.6","250"],["60596.9","0"],["60609.2","243"],["60609.7","0"],["60622.1","243"],["60622.5","0"],["60623.9","251"],["60624.4","0"],["60640.5","2090"],["60802.8","1821"]]}}
1618677481.847102: {"stream":"bchusd_210625@bookTicker","data":{"u":86143354378,"e":"bookTicker","s":"BCHUSD_210625","ps":"BCHUSD","b":"1127.50","B":"64","a":"1128.52","A":"92","T":1618677480057,"E":1618677480061}}
1618677481.847137: {"stream":"xrpusd_210625@bookTicker","data":{"u":86143354391,"e":"bookTicker","s":"XRPUSD_210625","ps":"XRPUSD","b":"1.6890","B":"128","a":"1.6906","A":"100","T":1618677480058,"E":1618677480062}}
1618677481.8471549: {"stream":"ethusd_210924@depth@100ms","data":{"e":"depthUpdate","E":1618677480070,"T":1618677480047,"s":"ETHUSD_210924","ps":"ETHUSD","U":86143353881,"u":86143354321,"pu":86143353799,"b":[["2687.54","0"],["2687.58","1000"],["2687.59","0"],["2687.61","348"]],"a":[["2687.84","50"]]}}
1618677482.0197902: {"stream":"ethusd_210625@depth@100ms","data":{"e":"depthUpdate","E":1618677480079,"T":1618677480039,"s":"ETHUSD_210625","ps":"ETHUSD","U":86143353908,"u":86143354281,"pu":86143353774,"b":[["2508.27","2"],["2508.66","0"],["2509.10","1187"]],"a":[["2509.09","0"],["2509.11","8152"],["2509.29","121"],["2519.17","249"]]}}
1618677482.63269: {"stream":"linkusd_210625@bookTicker","data":{"u":86143354525,"e":"bookTicker","s":"LINKUSD_210625","ps":"LINKUSD","b":"43.725","B":"32","a":"43.747","A":"32","T":1618677480078,"E":1618677480082}}
1618677482.632726: {"stream":"bchusd_210625@bookTicker","data":{"u":86143354563,"e":"bookTicker","s":"BCHUSD_210625","ps":"BCHUSD","b":"1127.47","B":"35","a":"1128.52","A":"92","T":1618677480086,"E":1618677480091}}
1618677482.632746: {"stream":"xrpusd_210625@bookTicker","data":{"u":86143354583,"e":"bookTicker","s":"XRPUSD_210625","ps":"XRPUSD","b":"1.6890","B":"128","a":"1.6907","A":"190","T":1618677480089,"E":1618677480094}}
1618677482.632761: {"stream":"xrpusd_210625@bookTicker","data":{"u":86143354597,"e":"bookTicker","s":"XRPUSD_210625","ps":"XRPUSD","b":"1.6890","B":"128","a":"1.6907","A":"145","T":1618677480091,"E":1618677480096}}
1618677482.6327748: {"stream":"xrpusd_210625@bookTicker","data":{"u":86143354599,"e":"bookTicker","s":"XRPUSD_210625","ps":"XRPUSD","b":"1.6890","B":"128","a":"1.6905","A":"45","T":1618677480092,"E":1618677480096}}
1618677482.632788: {"stream":"linkusd_210625@depth@100ms","data":{"e":"depthUpdate","E":1618677480096,"T":1618677480078,"s":"LINKUSD_210625","ps":"LINKUSD","U":86143353987,"u":86143354525,"pu":86143353928,"b":[["43.561","0"],["43.578","447"],["43.726","0"]],"a":[["43.994","0"]]}}
1618677483.24287: {"stream":"xrpusd_210625@depth@100ms","data":{"e":"depthUpdate","E":1618677480108,"T":1618677480092,"s":"XRPUSD_210625","ps":"XRPUSD","U":86143354041,"u":86143354599,"pu":86143353495,"b":[["1.6882","206"],["1.6884","0"],["1.6887","82"],["1.6888","0"],["1.6891","0"]],"a":[["1.6905","45"],["1.6906","0"],["1.6907","145"],["1.6912","572"],["1.6913","12"]]}}
1618677483.851685: {"stream":"xrpusd_210625@bookTicker","data":{"u":86143354666,"e":"bookTicker","s":"XRPUSD_210625","ps":"XRPUSD","b":"1.6890","B":"128","a":"1.6907","A":"145","T":1618677480104,"E":1618677480108}}
1618677483.851728: {"stream":"xrpusd_210625@bookTicker","data":{"u":86143354678,"e":"bookTicker","s":"XRPUSD_210625","ps":"XRPUSD","b":"1.6890","B":"128","a":"1.6905","A":"100","T":1618677480107,"E":1618677480111}}
1618677483.8517492: {"stream":"bchusd_210625@bookTicker","data":{"u":86143354724,"e":"bookTicker","s":"BCHUSD_210625","ps":"BCHUSD","b":"1127.45","B":"64","a":"1128.52","A":"92","T":1618677480114,"E":1618677480117}}
1618677483.851766: {"stream":"xrpusd_210625@bookTicker","data":{"u":86143354781,"e":"bookTicker","s":"XRPUSD_210625","ps":"XRPUSD","b":"1.6890","B":"128","a":"1.6908","A":"48","T":1618677480123,"E":1618677480127}}
1618677483.8517811: {"stream":"bchusd_210625@bookTicker","data":{"u":86143354795,"e":"bookTicker","s":"BCHUSD_210625","ps":"BCHUSD","b":"1127.46","B":"35","a":"1128.52","A":"92","T":1618677480124,"E":1618677480128}}
1618677483.851795: {"stream":"ethusd_210625@bookTicker","data":{"u":86143354793,"e":"bookTicker","s":"ETHUSD_210625","ps":"ETHUSD","b":"2509.10","B":"1187","a":"2509.11","A":"8273","T":1618677480124,"E":1618677480128}}
1618677483.851809: {"stream":"dotusd_210625@depth@100ms","data":{"e":"depthUpdate","E":1618677480135,"T":1618677480103,"s":"DOTUSD_210625","ps":"DOTUSD","U":86143354233,"u":86143354660,"pu":86143354024,"b":[["46.720","0"],["46.734","21"]],"a":[["46.764","0"],["46.787","42"],["46.870","1019"],["46.889","0"]]}}
1618677484.4633: {"stream":"btcusd_perp@bookTicker","data":{"u":86143354866,"e":"bookTicker","s":"BTCUSD_PERP","ps":"BTCUSD","b":"60581.0","B":"6181","a":"60581.1","A":"7944","T":1618677480137,"E":1618677480142}}
1618677484.4633431: {"stream":"xrpusd_210625@bookTicker","data":{"u":86143354860,"e":"bookTicker","s":"XRPUSD_210625","ps":"XRPUSD","b":"1.6890","B":"128","a":"1.6908","A":"193","T":1618677480136,"E":1618677480142}}
1618677484.4633658: {"stream":"xrpusd_210625@bookTicker","data":{"u":86143354874,"e":"bookTicker","s":"XRPUSD_210625","ps":"XRPUSD","b":"1.6890","B":"128","a":"1.6904","A":"200","T":1618677480138,"E":1618677480143}}
1618677484.463382: {"stream":"egldusd_perp@depth@100ms","data":{"e":"depthUpdate","E":1618677480154,"T":1618677480050,"s":"EGLDUSD_PERP","ps":"EGLDUSD","U":86143354340,"u":86143354340,"pu":86143354322,"b":[],"a":[["216.377","129"]]}}
1618677484.463395: {"stream":"btcusd_perp@depth@100ms","data":{"e":"depthUpdate","E":1618677480159,"T":1618677480154,"s":"BTCUSD_PERP","ps":"BTCUSD","U":86143354359,"u":86143354951,"pu":86143354336,"b":[["60378.7","1944"],["60546.6","0"],["60568.6","300"],["60571.0","769"],["60573.4","0"],["60574.1","90"],["60574.5","574"],["60574.9","8"],["60576.6","0"],["60576.9","62"],["60581.0","6181"]],"a":[["60580.9","0"],["60590.0","50"],["60592.5","5"],["60596.5","122"],["60597.0","99"],["60604.9","40"],["60628.5","412"],["60641.6","0"],["60656.4","1"],["60695.3","1100"]]}}
1618677484.463412: {"stream":"xrpusd_210625@bookTicker","data":{"u":86143354961,"e":"bookTicker","s":"XRPUSD_210625","ps":"XRPUSD","b":"1.6890","B":"128","a":"1.6903","A":"45","T":1618677480156,"E":1618677480160}}
1618677484.4634292: {"stream":"bchusd_210625@depth@100ms","data":{"e":"depthUpdate","E":1618677480161,"T":1618677480149,"s":"BCHUSD_210625","ps":"BCHUSD","U":86143354378,"u":86143354933,"pu":86143354277,"b":[["1124.21","173"],["1127.45","0"],["1127.46","35"],["1127.47","0"],["1127.48","0"],["1127.50","0"]],"a":[]}}
1618677484.46344: {"stream":"xrpusd_210625@bookTicker","data":{"u":86143355007,"e":"bookTicker","s":"XRPUSD_210625","ps":"XRPUSD","b":"1.6890","B":"128","a":"1.6904","A":"200","T":1618677480168,"E":1618677480172}}
1618677484.463454: {"stream":"btcusd_perp@aggTrade","data":{"e":"aggTrade","E":1618677480179,"a":49681086,"s":"BTCUSD_PERP","p":"60581.0","q":"2","f":112199129,"l":112199129,"T":1618677480023,"m":true}}
1618677484.463474: {"stream":"ethusd_210625@depth@100ms","data":{"e":"depthUpdate","E":1618677480188,"T":1618677480143,"s":"ETHUSD_210625","ps":"ETHUSD","U":86143354553,"u":86143354908,"pu":86143354281,"b":[],"a":[["2509.09","0"],["2509.11","8273"],["2509.15","0"],["2509.29","0"]]}}
1618677484.463485: {"stream":"bchusd_210625@bookTicker","data":{"u":86143355165,"e":"bookTicker","s":"BCHUSD_210625","ps":"BCHUSD","b":"1126.66","B":"12","a":"1128.52","A":"92","T":1618677480197,"E":1618677480201}}
1618677484.4635: {"stream":"linkusd_210924@bookTicker","data":{"u":86143355158,"e":"bookTicker","s":"LINKUSD_210924","ps":"LINKUSD","b":"45.244","B":"100","a":"45.289","A":"30","T":1618677480196,"E":1618677480201}}
1618677484.4635148: {"stream":"xrpusd_210625@depth@100ms","data":{"e":"depthUpdate","E":1618677480208,"T":1618677480200,"s":"XRPUSD_210625","ps":"XRPUSD","U":86143354666,"u":86143355181,"pu":86143354599,"b":[["1.6754","1000"],["1.6764","0"],["1.6787","100"],["1.6790","0"],["1.6846","1094"],["1.6856","0"],["1.6880","100"],["1.6882","161"],["1.6883","0"]],"a":[["1.6903","0"],["1.6904","200"],["1.6905","0"],["1.6907","0"],["1.6908","193"],["1.6912","0"],["1.6914","563"],["1.6928","1000"],["1.6937","12"],["1.6968","330"]]}}
1618677484.4635289: {"stream":"bchusd_210625@bookTicker","data":{"u":86143355210,"e":"bookTicker","s":"BCHUSD_210625","ps":"BCHUSD","b":"1126.67","B":"2","a":"1128.52","A":"92","T":1618677480206,"E":1618677480210}}
1618677484.4635441: {"stream":"bchusd_210625@bookTicker","data":{"u":86143355251,"e":"bookTicker","s":"BCHUSD_210625","ps":"BCHUSD","b":"1126.68","B":"64","a":"1128.52","A":"92","T":1618677480216,"E":1618677480220}}
1618677484.463558: {"stream":"linkusd_210625@depth@100ms","data":{"e":"depthUpdate","E":1618677480228,"T":1618677480212,"s":"LINKUSD_210625","ps":"LINKUSD","U":86143354796,"u":86143355236,"pu":86143354525,"b":[["42.574","0"],["43.578","467"]],"a":[["43.989","0"]]}}
1618677484.463568: {"stream":"btcusd_perp@bookTicker","data":{"u":86143355302,"e":"bookTicker","s":"BTCUSD_PERP","ps":"BTCUSD","b":"60581.0","B":"6182","a":"60581.1","A":"7944","T":1618677480226,"E":1618677480230}}
1618677484.463582: {"stream":"bchusd_210625@bookTicker","data":{"u":86143355316,"e":"bookTicker","s":"BCHUSD_210625","ps":"BCHUSD","b":"1126.69","B":"16","a":"1128.52","A":"92","T":1618677480228,"E":1618677480233}}
1618677484.463595: {"stream":"ethusd_210625@bookTicker","data":{"u":86143355340,"e":"bookTicker","s":"ETHUSD_210625","ps":"ETHUSD","b":"2509.10","B":"1187","a":"2509.11","A":"5357","T":1618677480233,"E":1618677480239}}
1618677484.463609: {"stream":"ethusd_210924@bookTicker","data":{"u":86143355389,"e":"bookTicker","s":"ETHUSD_210924","ps":"ETHUSD","b":"2687.83","B":"416","a":"2687.84","A":"170","T":1618677480245,"E":1618677480250}}
1618677484.4636211: {"stream":"ethusd_210625@bookTicker","data":{"u":86143355395,"e":"bookTicker","s":"ETHUSD_210625","ps":"ETHUSD","b":"2509.10","B":"2087","a":"2509.11","A":"5357","T":1618677480246,"E":1618677480250}}
1618677484.463635: {"stream":"egldusd_perp@depth@100ms","data":{"e":"depthUpdate","E":1618677480258,"T":1618677480202,"s":"EGLDUSD_PERP","ps":"EGLDUSD","U":86143354953,"u":86143355194,"pu":86143354340,"b":[],"a":[["217.205","0"],["217.431","1076"]]}}
1618677484.463645: {"stream":"btcusd_perp@bookTicker","data":{"u":86143355442,"e":"bookTicker","s":"BTCUSD_PERP","ps":"BTCUSD","b":"60581.0","B":"6182","a":"60581.1","A":"7974","T":1618677480256,"E":1618677480259}}
1618677484.463658: {"stream":"bchusd_210625@bookTicker","data":{"u":86143355439,"e":"bookTicker","s":"BCHUSD_210625","ps":"BCHUSD","b":"1126.70","B":"35","a":"1128.52","A":"92","T":1618677480255,"E":1618677480259}}
1618677484.463671: {"stream":"bchusd_210625@depth@100ms","data":{"e":"depthUpdate","E":1618677480264,"T":1618677480255,"s":"BCHUSD_210625","ps":"BCHUSD","U":86143354978,"u":86143355439,"pu":86143354933,"b":[["1126.67","0"],["1126.68","64"],["1126.69","16"],["1126.70","35"],["1127.46","0"]],"a":[["1128.75","433"],["1128.88","0"],["1136.29","0"],["1137.20","1434"]]}}
1618677484.4636831: {"stream":"linkusd_210924@depth@100ms","data":{"e":"depthUpdate","E":1618677480265,"T":1618677480242,"s":"LINKUSD_210924","ps":"LINKUSD","U":86143354987,"u":86143355377,"pu":86143352612,"b":[],"a":[["45.289","30"],["45.292","40"],["45.302","0"],["45.319","0"],["45.786","40"],["45.796","0"]]}}
1618677484.637919: {"stream":"bchusd_210625@bookTicker","data":{"u":86143355510,"e":"bookTicker","s":"BCHUSD_210625","ps":"BCHUSD","b":"1126.71","B":"25","a":"1128.52","A":"92","T":1618677480266,"E":1618677480270}}
1618677484.637983: {"stream":"btcusd_perp@depth@100ms","data":{"e":"depthUpdate","E":1618677480275,"T":1618677480269,"s":"BTCUSD_PERP","ps":"BTCUSD","U":86143355025,"u":86143355531,"pu":86143354951,"b":[["60482.3","0"],["60506.9","740"],["60546.6","49"],["60571.6","10"],["60573.6","243"],["60573.7","0"],["60581.0","6182"],["60581.2","0"]],"a":[["60581.1","7974"],["60582.9","0"],["60585.6","250"],["60592.3","10"],["60594.3","0"],["60596.5","0"],["60597.0","139"],["60597.3","122"],["60601.5","7"],["60604.9","0"],["60609.2","0"],["60610.1","243"],["60622.1","0"],["60622.9","243"],["60623.9","8"],["60624.7","243"],["60625.2","45"],["60625.3","1405"],["60695.3","1100"]]}}
1618677484.638006: {"stream":"bchusd_210625@bookTicker","data":{"u":86143355553,"e":"bookTicker","s":"BCHUSD_210625","ps":"BCHUSD","b":"1126.72","B":"64","a":"1128.52","A":"92","T":1618677480274,"E":1618677480279}}
1618677484.638025: {"stream":"ethusd_210924@bookTicker","data":{"u":86143355621,"e":"bookTicker","s":"ETHUSD_210924","ps":"ETHUSD","b":"2687.83","B":"416","a":"2687.84","A":"50","T":1618677480280,"E":1618677480284}}
1618677484.638041: {"stream":"linkusd_210625@bookTicker","data":{"u":86143355620,"e":"bookTicker","s":"LINKUSD_210625","ps":"LINKUSD","b":"43.726","B":"7","a":"43.747","A":"32","T":1618677480279,"E":1618677480284}}
1618677484.638056: {"stream":"bchusd_210625@bookTicker","data":{"u":86143355666,"e":"bookTicker","s":"BCHUSD_210625","ps":"BCHUSD","b":"1126.73","B":"36","a":"1128.52","A":"92","T":1618677480285,"E":1618677480289}}
1618677484.638069: {"stream":"xrpusd_210625@bookTicker","data":{"u":86143355779,"e":"bookTicker","s":"XRPUSD_210625","ps":"XRPUSD","b":"1.6890","B":"128","a":"1.6904","A":"248","T":1618677480296,"E":1618677480301}}
1618677484.638083: {"stream":"ethusd_210625@depth@100ms","data":{"e":"depthUpdate","E":1618677480306,"T":1618677480252,"s":"ETHUSD_210625","ps":"ETHUSD","U":86143355199,"u":86143355423,"pu":86143354908,"b":[["2498.63","2100"],["2503.51","3219"],["2509.10","2087"]],"a":[["2509.09","0"],["2509.11","5357"]]}}
1618677484.6380951: {"stream":"bchusd_210625@bookTicker","data":{"u":86143355912,"e":"bookTicker","s":"BCHUSD_210625","ps":"BCHUSD","b":"1126.73","B":"36","a":"1128.51","A":"250","T":1618677480311,"E":1618677480314}}
1618677484.638109: {"stream":"ethusd_210924@bookTicker","data":{"u":86143355924,"e":"bookTicker","s":"ETHUSD_210924","ps":"ETHUSD","b":"2687.83","B":"416","a":"2687.84","A":"170","T":1618677480313,"E":1618677480316}}
1618677484.638123: {"stream":"xrpusd_210625@depth@100ms","data":{"e":"depthUpdate","E":1618677480320,"T":1618677480299,"s":"XRPUSD_210625","ps":"XRPUSD","U":86143355249,"u":86143355810,"pu":86143355181,"b":[["1.6817","8269"],["1.6875","60"],["1.6882","0"]],"a":[["1.6904","248"],["1.6908","145"],["1.6912","45"],["1.6921","1731"],["1.6932","0"],["1.6957","1945"],["1.6962","3600"],["1.6978","80"],["1.6985","0"]]}}
1618677484.638137: {"stream":"ethusd_210924@bookTicker","data":{"u":86143356066,"e":"bookTicker","s":"ETHUSD_210924","ps":"ETHUSD","b":"2687.83","B":"416","a":"2687.84","A":"50","T":1618677480334,"E":1618677480338}}
1618677484.63815: {"stream":"linkusd_210625@depth@100ms","data":{"e":"depthUpdate","E":1618677480341,"T":1618677480334,"s":"LINKUSD_210625","ps":"LINKUSD","U":86143355358,"u":86143356074,"pu":86143355236,"b":[["42.760","10583"],["43.726","7"]],"a":[["43.749","50"],["43.750","0"],["43.782","0"],["43.922","609"],["43.994","20"]]}}
1618677484.6381629: {"stream":"ethusd_210924@depth@100ms","data":{"e":"depthUpdate","E":1618677480350,"T":1618677480345,"s":"ETHUSD_210924","ps":"ETHUSD","U":86143355389,"u":86143356166,"pu":86143354321,"b":[["2687.54","0"],["2687.55","0"],["2687.58","0"],["2687.60","0"],["2687.61","350"]],"a":[["2687.84","50"]]}}
1618677484.6381729: {"stream":"ethusd_210924@bookTicker","data":{"u":86143356246,"e":"bookTicker","s":"ETHUSD_210924","ps":"ETHUSD","b":"2687.83","B":"1076","a":"2687.84","A":"50","T":1618677480352,"E":1618677480356}}
1618677484.638187: {"stream":"btcusd_perp@bookTicker","data":{"u":86143356274,"e":"bookTicker","s":"BTCUSD_PERP","ps":"BTCUSD","b":"60581.0","B":"6175","a":"60581.1","A":"7974","T":1618677480354,"E":1618677480357}}
1618677484.638201: {"stream":"ethusd_210924@bookTicker","data":{"u":86143356318,"e":"bookTicker","s":"ETHUSD_210924","ps":"ETHUSD","b":"2687.83","B":"1076","a":"2687.84","A":"170","T":1618677480361,"E":1618677480365}}
1618677484.6382139: {"stream":"dotusd_210625@bookTicker","data":{"u":86143356319,"e":"bookTicker","s":"DOTUSD_210625","ps":"DOTUSD","b":"46.734","B":"21","a":"46.765","A":"192","T":1618677480362,"E":1618677480365}}
1618677484.638227: {"stream":"ethusd_210924@bookTicker","data":{"u":86143356341,"e":"bookTicker","s":"ETHUSD_210924","ps":"ETHUSD","b":"2687.83","B":"1076","a":"2687.84","A":"50","T":1618677480364,"E":1618677480368}}
1618677484.63824: {"stream":"bchusd_210625@depth@100ms","data":{"e":"depthUpdate","E":1618677480370,"T":1618677480364,"s":"BCHUSD_210625","ps":"BCHUSD","U":86143355510,"u":86143356339,"pu":86143355439,"b":[["1116.30","0"],["1116.38","50"],["1119.87","0"],["1123.70","250"],["1123.95","500"],["1124.21","0"],["1124.47","0"],["1124.55","50"],["1126.70","0"],["1126.71","0"],["1126.72","64"],["1126.73","36"]],"a":[["1128.51","250"],["1128.56","250"],["1128.81","250"],["1128.96","0"],["1129.33","250"],["1129.45","250"],["1139.16","190"]]}}
1618677484.6382551: {"stream":"ethusd_210924@bookTicker","data":{"u":86143356385,"e":"bookTicker","s":"ETHUSD_210924","ps":"ETHUSD","b":"2687.83","B":"416","a":"2687.84","A":"50","T":1618677480370,"E":1618677480374}}
1618677484.638269: {"stream":"bchusd_210625@bookTicker","data":{"u":86143356372,"e":"bookTicker","s":"BCHUSD_210625","ps":"BCHUSD","b":"1126.74","B":"35","a":"1128.51","A":"250","T":1618677480368,"E":1618677480373}}
1618677484.638282: {"stream":"btcusd_perp@depth@100ms","data":{"e":"depthUpdate","E":1618677480383,"T":1618677480369,"s":"BTCUSD_PERP","ps":"BTCUSD","U":86143355615,"u":86143356381,"pu":86143355531,"b":[["60506.9","0"],["60565.0","30"],["60575.5","35"],["60581.0","6175"],["60581.2","0"]],"a":[["60100.2","0"],["60580.9","0"],["60585.6","100"],["60585.7","15"],["60802.8","3628"]]}}
1618677484.638295: {"stream":"bchusd_210625@bookTicker","data":{"u":86143356460,"e":"bookTicker","s":"BCHUSD_210625","ps":"BCHUSD","b":"1126.75","B":"37","a":"1128.51","A":"250","T":1618677480380,"E":1618677480384}}
1618677484.638308: {"stream":"egldusd_perp@depth@100ms","data":{"e":"depthUpdate","E":1618677480389,"T":1618677480350,"s":"EGLDUSD_PERP","ps":"EGLDUSD","U":86143355661,"u":86143356239,"pu":86143355194,"b":[["215.537","0"],["215.623","789"],["216.075","0"]],"a":[]}}
1618677484.638318: {"stream":"linkusd_210924@depth@100ms","data":{"e":"depthUpdate","E":1618677480392,"T":1618677480327,"s":"LINKUSD_210924","ps":"LINKUSD","U":86143355683,"u":86143356018,"pu":86143355377,"b":[["45.199","1152"],["45.200","94"]],"a":[["45.310","90"]]}}
1618677484.638328: {"stream":"ethusd_210625@bookTicker","data":{"u":86143356504,"e":"bookTicker","s":"ETHUSD_210625","ps":"ETHUSD","b":"2509.10","B":"2212","a":"2509.11","A":"5357","T":1618677480388,"E":1618677480393}}
1618677484.638342: {"stream":"bchusd_210625@bookTicker","data":{"u":86143356597,"e":"bookTicker","s":"BCHUSD_210625","ps":"BCHUSD","b":"1126.77","B":"64","a":"1128.51","A":"250","T":1618677480399,"E":1618677480404}}
1618677484.638355: {"stream":"dotusd_210625@depth@100ms","data":{"e":"depthUpdate","E":1618677480405,"T":1618677480400,"s":"DOTUSD_210625","ps":"DOTUSD","U":86143355819,"u":86143356609,"pu":86143354660,"b":[["46.197","0"],["46.517","1393"],["46.542","0"],["46.673","5"],["46.733","0"]],"a":[["46.761","0"],["46.762","0"],["46.786","0"],["46.829","193"]]}}
1618677484.638367: {"stream":"ethusd_210625@bookTicker","data":{"u":86143356612,"e":"bookTicker","s":"ETHUSD_210625","ps":"ETHUSD","b":"2509.10","B":"2212","a":"2509.11","A":"7594","T":1618677480401,"E":1618677480405}}
1618677484.63838: {"stream":"bchusd_210625@bookTicker","data":{"u":86143356671,"e":"bookTicker","s":"BCHUSD_210625","ps":"BCHUSD","b":"1126.78","B":"36","a":"1128.51","A":"250","T":1618677480410,"E":1618677480415}}
1618677484.638394: {"stream":"ethusd_210625@bookTicker","data":{"u":86143356692,"e":"bookTicker","s":"ETHUSD_210625","ps":"ETHUSD","b":"2509.10","B":"1312","a":"2509.11","A":"7594","T":1618677480414,"E":1618677480419}}
1618677484.638409: {"stream":"xrpusd_210625@depth@100ms","data":{"e":"depthUpdate","E":1618677480420,"T":1618677480401,"s":"XRPUSD_210625","ps":"XRPUSD","U":86143355944,"u":86143356618,"pu":86143355810,"b":[["1.6657","0"],["1.6754","0"],["1.6764","1000"],["1.6815","410"],["1.6846","94"],["1.6854","250"],["1.6856","1250"],["1.6859","262"],["1.6863","250"],["1.6870","964"],["1.6882","0"]],"a":[["1.6911","45"],["1.6912","0"],["1.6975","20216"]]}}
1618677484.638422: {"stream":"ethusd_210625@depth@100ms","data":{"e":"depthUpdate","E":1618677480420,"T":1618677480414,"s":"ETHUSD_210625","ps":"ETHUSD","U":86143355939,"u":86143356692,"pu":86143355423,"b":[["2500.99","0"],["2502.17","38392"],["2508.27","0"],["2508.66","62"],["2509.10","1312"]],"a":[["2509.09","0"],["2509.11","7594"]]}}
1618677484.638432: {"stream":"dotusd_210625@bookTicker","data":{"u":86143356771,"e":"bookTicker","s":"DOTUSD_210625","ps":"DOTUSD","b":"46.733","B":"104","a":"46.765","A":"192","T":1618677480424,"E":1618677480428}}
1618677484.638446: {"stream":"dotusd_210625@bookTicker","data":{"u":86143356849,"e":"bookTicker","s":"DOTUSD_210625","ps":"DOTUSD","b":"46.733","B":"104","a":"46.763","A":"256","T":1618677480443,"E":1618677480446}}
1618677484.638459: {"stream":"ethusd_210924@depth@100ms","data":{"e":"depthUpdate","E":1618677480451,"T":1618677480432,"s":"ETHUSD_210924","ps":"ETHUSD","U":86143356206,"u":86143356809,"pu":86143356166,"b":[["2684.19","0"],["2685.45","3358"],["2685.46","736"],["2687.46","0"],["2687.47","660"],["2687.48","203"],["2687.58","0"],["2687.59","1000"],["2687.61","0"],["2687.62","0"],["2687.63","0"],["2687.64","321"],["2687.83","416"]],"a":[["2687.84","50"]]}}
1618677484.6384718: {"stream":"btcusd_210924@depth@100ms","data":{"e":"depthUpdate","E":1618677480451,"T":1618677480408,"s":"BTCUSD_210924","ps":"BTCUSD","U":86143356198,"u":86143356659,"pu":86143353052,"b":[["68589.9","0"],["68590.0","0"],["68590.7","0"]],"a":[["68674.8","384"]]}}
1618677485.252218: {"stream":"linkusd_210625@depth@100ms","data":{"e":"depthUpdate","E":1618677480453,"T":1618677480448,"s":"LINKUSD_210625","ps":"LINKUSD","U":86143356233,"u":86143356876,"pu":86143356074,"b":[],"a":[["43.749","0"],["43.774","0"],["43.777","50"],["43.924","180"]]}}
1618677485.252241: {"stream":"bchusd_210625@bookTicker","data":{"u":86143356944,"e":"bookTicker","s":"BCHUSD_210625","ps":"BCHUSD","b":"1126.79","B":"35","a":"1128.51","A":"250","T":1618677480459,"E":1618677480463}}
1618677485.252268: {"stream":"xrpusd_210625@bookTicker","data":{"u":86143356974,"e":"bookTicker","s":"XRPUSD_210625","ps":"XRPUSD","b":"1.6891","B":"45","a":"1.6904","A":"248","T":1618677480464,"E":1618677480469}}
1618677485.252285: {"stream":"bchusd_210625@depth@100ms","data":{"e":"depthUpdate","E":1618677480473,"T":1618677480465,"s":"BCHUSD_210625","ps":"BCHUSD","U":86143356372,"u":86143356989,"pu":86143356339,"b":[["1116.38","0"],["1119.88","0"],["1122.93","0"],["1124.55","0"],["1126.68","0"],["1126.69","0"],["1126.74","0"],["1126.75","0"],["1126.77","64"],["1126.78","36"],["1126.79","35"]],"a":[]}}
1618677485.2522979: {"stream":"bchusd_210625@bookTicker","data":{"u":86143357025,"e":"bookTicker","s":"BCHUSD_210625","ps":"BCHUSD","b":"1126.80","B":"34","a":"1128.51","A":"250","T":1618677480471,"E":1618677480475}}
1618677485.252312: {"stream":"bchusd_210625@bookTicker","data":{"u":86143357107,"e":"bookTicker","s":"BCHUSD_210625","ps":"BCHUSD","b":"1126.81","B":"35","a":"1128.51","A":"250","T":1618677480483,"E":1618677480487}}
1618677485.252324: {"stream":"btcusd_perp@depth@100ms","data":{"e":"depthUpdate","E":1618677480490,"T":1618677480483,"s":"BTCUSD_PERP","ps":"BTCUSD","U":86143356485,"u":86143357106,"pu":86143356381,"b":[["54522.9","1"],["60495.1","817"],["60519.6","0"],["60523.7","1049"],["60560.9","0"],["60569.5","50"],["60571.7","100"],["60572.1","32"],["60579.4","0"]],"a":[["60580.9","0"],["60585.6","250"],["60592.6","230"],["60595.2","100"],["60596.5","122"],["60597.3","0"],["60609.3","243"],["60610.1","0"],["60622.1","243"],["60622.9","0"],["60624.0","273"],["60624.7","0"],["60695.3","0"]]}}
1618677485.252353: {"stream":"bchusd_210625@bookTicker","data":{"u":86143357128,"e":"bookTicker","s":"BCHUSD_210625","ps":"BCHUSD","b":"1126.82","B":"64","a":"1128.51","A":"250","T":1618677480488,"E":1618677480494}}
1618677485.252366: {"stream":"bchusd_210625@bookTicker","data":{"u":86143357151,"e":"bookTicker","s":"BCHUSD_210625","ps":"BCHUSD","b":"1126.82","B":"106","a":"1128.51","A":"250","T":1618677480494,"E":1618677480499}}
1618677485.2523782: {"stream":"ethusd_210924@bookTicker","data":{"u":86143357172,"e":"bookTicker","s":"ETHUSD_210924","ps":"ETHUSD","b":"2687.83","B":"416","a":"2687.84","A":"170","T":1618677480497,"E":1618677480501}}
1618677485.2523892: {"stream":"bchusd_210625@bookTicker","data":{"u":86143357191,"e":"bookTicker","s":"BCHUSD_210625","ps":"BCHUSD","b":"1126.83","B":"25","a":"1128.51","A":"250","T":1618677480500,"E":1618677480504}}
1618677485.2524009: {"stream":"btcusd_perp@aggTrade","data":{"e":"aggTrade","E":1618677480508,"a":49681087,"s":"BTCUSD_PERP","p":"60581.0","q":"7","f":112199130,"l":112199130,"T":1618677480354,"m":true}}
1618677485.252418: {"stream":"bchusd_210625@bookTicker","data":{"u":86143357213,"e":"bookTicker","s":"BCHUSD_210625","ps":"BCHUSD","b":"1126.83","B":"35","a":"1128.51","A":"250","T":1618677480503,"E":1618677480508}}
1618677485.252429: {"stream":"bchusd_210625@bookTicker","data":{"u":86143357245,"e":"bookTicker","s":"BCHUSD_210625","ps":"BCHUSD","b":"1126.83","B":"25","a":"1128.51","A":"250","T":1618677480510,"E":1618677480514}}
1618677485.25244: {"stream":"bchusd_210625@bookTicker","data":{"u":86143357246,"e":"bookTicker","s":"BCHUSD_210625","ps":"BCHUSD","b":"1126.82","B":"64","a":"1128.51","A":"250","T":1618677480510,"E":1618677480514}}
1618677485.2524521: {"stream":"bchusd_210625@bookTicker","data":{"u":86143357248,"e":"bookTicker","s":"BCHUSD_210625","ps":"BCHUSD","b":"1126.84","B":"36","a":"1128.51","A":"250","T":1618677480510,"E":1618677480514}}
1618677485.252463: {"stream":"dotusd_210625@depth@100ms","data":{"e":"depthUpdate","E":1618677480515,"T":1618677480503,"s":"DOTUSD_210625","ps":"DOTUSD","U":86143356672,"u":86143357210,"pu":86143356609,"b":[["46.207","40"],["46.517","0"],["46.542","1377"],["46.697","250"],["46.722","250"],["46.732","790"],["46.733","104"],["46.734","0"]],"a":[["46.763","256"],["46.786","0"],["46.810","0"],["46.858","250"],["46.876","250"],["46.886","0"],["46.892","250"],["46.908","250"],["46.916","250"],["46.967","502"],["47.178","0"],["47.233","1478"]]}}
1618677485.252477: {"stream":"ethusd_210924@bookTicker","data":{"u":86143357284,"e":"bookTicker","s":"ETHUSD_210924","ps":"ETHUSD","b":"2687.83","B":"416","a":"2687.84","A":"50","T":1618677480516,"E":1618677480520}}
1618677485.2524889: {"stream":"ethusd_210625@depth@100ms","data":{"e":"depthUpdate","E":1618677480523,"T":1618677480515,"s":"ETHUSD_210625","ps":"ETHUSD","U":86143356749,"u":86143357279,"pu":86143356692,"b":[["2507.00","3005"],["2508.27","88"],["2508.66","0"]],"a":[["2509.09","0"],["2513.12","2982"]]}}
1618677485.2524989: {"stream":"bchusd_210625@bookTicker","data":{"u":86143357300,"e":"bookTicker","s":"BCHUSD_210625","ps":"BCHUSD","b":"1126.84","B":"41","a":"1128.51","A":"250","T":1618677480520,"E":1618677480524}}
1618677485.25251: {"stream":"bchusd_210625@bookTicker","data":{"u":86143357328,"e":"bookTicker","s":"BCHUSD_210625","ps":"BCHUSD","b":"1126.85","B":"35","a":"1128.51","A":"250","T":1618677480526,"E":1618677480529}}
1618677485.252522: {"stream":"xrpusd_210625@depth@100ms","data":{"e":"depthUpdate","E":1618677480531,"T":1618677480521,"s":"XRPUSD_210625","ps":"XRPUSD","U":86143356787,"u":86143357301,"pu":86143356618,"b":[["1.6648","5553"],["1.6888","0"],["1.6891","45"]],"a":[["1.6947","2044"],["1.6950","2364"],["1.6965","293"]]}}
1618677485.252531: {"stream":"bchusd_210625@bookTicker","data":{"u":86143357371,"e":"bookTicker","s":"BCHUSD_210625","ps":"BCHUSD","b":"1126.86","B":"42","a":"1128.51","A":"250","T":1618677480535,"E":1618677480538}}
1618677485.252542: {"stream":"linkusd_210924@depth@100ms","data":{"e":"depthUpdate","E":1618677480540,"T":1618677480496,"s":"LINKUSD_210924","ps":"LINKUSD","U":86143356828,"u":86143357164,"pu":86143356018,"b":[["45.200","187"]],"a":[["45.290","62"],["45.395","2411"],["45.405","0"]]}}
1618677485.2525508: {"stream":"bchusd_210625@bookTicker","data":{"u":86143357414,"e":"bookTicker","s":"BCHUSD_210625","ps":"BCHUSD","b":"1126.87","B":"64","a":"1128.51","A":"250","T":1618677480546,"E":1618677480549}}
1618677485.252563: {"stream":"bchusd_210625@bookTicker","data":{"u":86143357439,"e":"bookTicker","s":"BCHUSD_210625","ps":"BCHUSD","b":"1126.87","B":"99","a":"1128.51","A":"250","T":1618677480552,"E":1618677480556}}
1618677485.252574: {"stream":"linkusd_210625@depth@100ms","data":{"e":"depthUpdate","E":1618677480557,"T":1618677480551,"s":"LINKUSD_210625","ps":"LINKUSD","U":86143356905,"u":86143357434,"pu":86143356876,"b":[["43.502","0"],["43.519","100"],["43.578","247"],["43.645","250"],["43.658","250"],["43.661","42"],["43.671","250"],["43.684","1561"],["43.709","250"]],"a":[["43.762","0"],["43.814","1815"],["43.843","250"],["43.859","250"]]}}
1618677485.252584: {"stream":"bchusd_210625@bookTicker","data":{"u":86143357456,"e":"bookTicker","s":"BCHUSD_210625","ps":"BCHUSD","b":"1126.88","B":"43","a":"1128.51","A":"250","T":1618677480554,"E":1618677480558}}
1618677485.252596: {"stream":"btcusd_210924@depth@100ms","data":{"e":"depthUpdate","E":1618677480561,"T":1618677480480,"s":"BTCUSD_210924","ps":"BTCUSD","U":86143356935,"u":86143357075,"pu":86143356659,"b":[["68561.0","728"]],"a":[["68624.0","20"],["68625.1","0"]]}}
1618677485.252605: {"stream":"ethusd_210924@depth@100ms","data":{"e":"depthUpdate","E":1618677480564,"T":1618677480535,"s":"ETHUSD_210924","ps":"ETHUSD","U":86143356957,"u":86143357366,"pu":86143356809,"b":[["2687.47","0"],["2687.48","0"],["2687.59","1000"],["2687.60","660"]],"a":[["2687.84","50"],["2696.98","15020"],["2697.44","0"]]}}
1618677485.2526138: {"stream":"egldusd_perp@depth@100ms","data":{"e":"depthUpdate","E":1618677480566,"T":1618677480526,"s":"EGLDUSD_PERP","ps":"EGLDUSD","U":86143356962,"u":86143357329,"pu":86143356239,"b":[["216.012","0"]],"a":[["216.350","463"],["216.377","0"],["216.378","0"]]}}
1618677485.252623: {"stream":"linkusd_210924@bookTicker","data":{"u":86143357534,"e":"bookTicker","s":"LINKUSD_210924","ps":"LINKUSD","b":"45.232","B":"303","a":"45.289","A":"30","T":1618677480568,"E":1618677480573}}
1618677485.2526348: {"stream":"bchusd_210625@depth@100ms","data":{"e":"depthUpdate","E":1618677480575,"T":1618677480562,"s":"BCHUSD_210625","ps":"BCHUSD","U":86143357025,"u":86143357503,"pu":86143356989,"b":[["1115.76","50"],["1116.10","0"],["1119.68","190"],["1119.75","0"],["1122.69","1000"],["1123.92","50"],["1124.27","0"],["1126.72","0"],["1126.73","0"],["1126.77","0"],["1126.78","0"],["1126.79","0"],["1126.80","0"],["1126.81","0"],["1126.82","64"],["1126.83","0"],["1126.84","36"],["1126.85","0"],["1126.86","0"],["1126.87","64"],["1126.88","43"]],"a":[]}}
1618677485.252706: {"stream":"linkusd_210924@bookTicker","data":{"u":86143357587,"e":"bookTicker","s":"LINKUSD_210924","ps":"LINKUSD","b":"45.212","B":"116","a":"45.289","A":"30","T":1618677480582,"E":1618677480585}}
1618677485.2527208: {"stream":"linkusd_210924@bookTicker","data":{"u":86143357641,"e":"bookTicker","s":"LINKUSD_210924","ps":"LINKUSD","b":"45.233","B":"100","a":"45.289","A":"30","T":1618677480587,"E":1618677480593}}
1618677485.252733: {"stream":"btcusd_perp@bookTicker","data":{"u":86143357638,"e":"bookTicker","s":"BTCUSD_PERP","ps":"BTCUSD","b":"60581.0","B":"6175","a":"60581.1","A":"8014","T":1618677480587,"E":1618677480593}}
1618677485.2527459: {"stream":"btcusd_perp@depth@100ms","data":{"e":"depthUpdate","E":1618677480594,"T":1618677480589,"s":"BTCUSD_PERP","ps":"BTCUSD","U":86143357130,"u":86143357651,"pu":86143357106,"b":[["60367.2","0"],["60368.4","1808"],["60372.6","1809"],["60560.6","251"],["60560.7","243"],["60560.9","0"],["60574.6","1"],["60575.6","1"],["60579.9","1138"]],"a":[["60580.9","0"],["60581.1","8014"],["60585.6","100"],["60586.2","0"],["60595.1","0"],["60596.3","254"],["60596.4","122"],["60596.5","0"],["60607.9","380"],["60609.3","0"],["60620.7","0"],["60622.1","0"],["60622.6","0"],["60624.0","30"],["60695.7","1214"]]}}
1618677485.2527602: {"stream":"bchusd_210625@bookTicker","data":{"u":86143357749,"e":"bookTicker","s":"BCHUSD_210625","ps":"BCHUSD","b":"1126.89","B":"35","a":"1128.51","A":"250","T":1618677480603,"E":1618677480607}}
1618677485.252773: {"stream":"linkusd_210924@bookTicker","data":{"u":86143357763,"e":"bookTicker","s":"LINKUSD_210924","ps":"LINKUSD","b":"45.233","B":"440","a":"45.289","A":"30","T":1618677480608,"E":1618677480611}}
1618677485.252785: {"stream":"dotusd_210625@depth@100ms","data":{"e":"depthUpdate","E":1618677480616,"T":1618677480596,"s":"DOTUSD_210625","ps":"DOTUSD","U":86143357266,"u":86143357700,"pu":86143357210,"b":[["46.279","0"]],"a":[["46.786","200"],["46.797","0"]]}}
1618677485.252794: {"stream":"bchusd_210625@bookTicker","data":{"u":86143357799,"e":"bookTicker","s":"BCHUSD_210625","ps":"BCHUSD","b":"1126.90","B":"34","a":"1128.51","A":"250","T":1618677480614,"E":1618677480617}}
1618677485.252806: {"stream":"bchusd_210625@bookTicker","data":{"u":86143357863,"e":"bookTicker","s":"BCHUSD_210625","ps":"BCHUSD","b":"1126.91","B":"35","a":"1128.51","A":"250","T":1618677480623,"E":1618677480626}}
1618677485.2528179: {"stream":"bchusd_210625@bookTicker","data":{"u":86143357914,"e":"bookTicker","s":"BCHUSD_210625","ps":"BCHUSD","b":"1126.92","B":"64","a":"1128.51","A":"250","T":1618677480631,"E":1618677480635}}
1618677485.2528288: {"stream":"bchusd_210625@bookTicker","data":{"u":86143357916,"e":"bookTicker","s":"BCHUSD_210625","ps":"BCHUSD","b":"1126.92","B":"107","a":"1128.51","A":"250","T":1618677480632,"E":1618677480635}}
1618677485.252841: {"stream":"linkusd_210924@depth@100ms","data":{"e":"depthUpdate","E":1618677480642,"T":1618677480625,"s":"LINKUSD_210924","ps":"LINKUSD","U":86143357384,"u":86143357872,"pu":86143357164,"b":[["44.891","0"],["45.058","850"],["45.075","250"],["45.199","0"],["45.200","0"],["45.206","1227"],["45.207","153"],["45.212","121"],["45.232","0"],["45.233","440"],["45.244","0"]],"a":[["45.329","119"],["45.330","316"],["45.345","250"]]}}
1618677485.252852: {"stream":"bchusd_210625@bookTicker","data":{"u":86143357959,"e":"bookTicker","s":"BCHUSD_210625","ps":"BCHUSD","b":"1126.93","B":"10","a":"1128.51","A":"250","T":1618677480641,"E":1618677480644}}
1618677485.252864: {"stream":"bchusd_210625@bookTicker","data":{"u":86143357962,"e":"bookTicker","s":"BCHUSD_210625","ps":"BCHUSD","b":"1126.93","B":"43","a":"1128.51","A":"250","T":1618677480641,"E":1618677480644}}
1618677485.252875: {"stream":"ethusd_210625@depth@100ms","data":{"e":"depthUpdate","E":1618677480654,"T":1618677480646,"s":"ETHUSD_210625","ps":"ETHUSD","U":86143357436,"u":86143357977,"pu":86143357279,"b":[["2505.49","587"],["2505.63","0"],["2505.75","0"],["2505.97","4234"],["2506.11","2075"],["2508.66","0"],["2508.81","0"],["2508.82","299"]],"a":[["2509.09","0"],["2512.87","500"],["2513.01","0"]]}}
1618677485.252885: {"stream":"bchusd_210625@bookTicker","data":{"u":86143358009,"e":"bookTicker","s":"BCHUSD_210625","ps":"BCHUSD","b":"1126.94","B":"35","a":"1128.51","A":"250","T":1618677480655,"E":1618677480658}}
1618677485.252896: {"stream":"bchusd_210625@bookTicker","data":{"u":86143358066,"e":"bookTicker","s":"BCHUSD_210625","ps":"BCHUSD","b":"1126.95","B":"35","a":"1128.51","A":"250","T":1618677480663,"E":1618677480667}}
1618677485.252908: {"stream":"linkusd_210625@depth@100ms","data":{"e":"depthUpdate","E":1618677480670,"T":1618677480665,"s":"LINKUSD_210625","ps":"LINKUSD","U":86143357521,"u":86143358076,"pu":86143357434,"b":[["42.944","943"],["43.294","951"],["43.502","150"],["43.519","0"],["43.709","0"]],"a":[["43.754","0"],["43.762","50"]]}}
1618677485.252917: {"stream":"bchusd_210625@bookTicker","data":{"u":86143358109,"e":"bookTicker","s":"BCHUSD_210625","ps":"BCHUSD","b":"1126.96","B":"35","a":"1128.51","A":"250","T":1618677480673,"E":1618677480678}}
1618677485.252929: {"stream":"bchusd_210625@depth@100ms","data":{"e":"depthUpdate","E":1618677480681,"T":1618677480673,"s":"BCHUSD_210625","ps":"BCHUSD","U":86143357580,"u":86143358109,"pu":86143357503,"b":[["1119.59","190"],["1119.68","0"],["1126.63","414"],["1126.64","86"],["1126.82","0"],["1126.84","0"],["1126.87","0"],["1126.88","14"],["1126.89","0"],["1126.90","0"],["1126.91","0"],["1126.92","64"],["1126.93","10"],["1126.94","35"],["1126.95","35"],["1126.96","35"]],"a":[["1128.75","0"]]}}
1618677485.253022: {"stream":"dotusd_210625@bookTicker","data":{"u":86143358120,"e":"bookTicker","s":"DOTUSD_210625","ps":"DOTUSD","b":"46.733","B":"105","a":"46.763","A":"256","T":1618677480675,"E":1618677480681}}
1618677485.2530382: {"stream":"bchusd_210625@bookTicker","data":{"u":86143358181,"e":"bookTicker","s":"BCHUSD_210625","ps":"BCHUSD","b":"1126.97","B":"43","a":"1128.51","A":"250","T":1618677480685,"E":1618677480689}}
1618677485.2530508: {"stream":"btcusd_perp@depth@100ms","data":{"e":"depthUpdate","E":1618677480694,"T":1618677480689,"s":"BTCUSD_PERP","ps":"BTCUSD","U":86143357657,"u":86143358203,"pu":86143357651,"b":[["60369.6","0"],["60375.7","0"],["60382.3","0"],["60550.0","20"],["60553.6","2076"],["60560.6","251"],["60560.8","363"],["60560.9","0"]],"a":[["60580.9","0"],["60585.6","250"],["60586.9","15"],["60596.4","0"],["60597.4","0"],["60609.2","0"],["60610.2","0"],["60622.0","0"],["60622.9","1225"],["60623.0","3"],["60623.3","0"],["60623.9","8"],["60624.9","0"],["60656.4","0"],["60665.0","1905"]]}}
1618677485.2530649: {"stream":"bchusd_210625@bookTicker","data":{"u":86143358215,"e":"bookTicker","s":"BCHUSD_210625","ps":"BCHUSD","b":"1126.98","B":"64","a":"1128.51","A":"250","T":1618677480691,"E":1618677480696}}
1618677485.253078: {"stream":"bchusd_210625@bookTicker","data":{"u":86143358267,"e":"bookTicker","s":"BCHUSD_210625","ps":"BCHUSD","b":"1126.99","B":"35","a":"1128.51","A":"250","T":1618677480703,"E":1618677480707}}
1618677485.253089: {"stream":"ethusd_210924@depth@100ms","data":{"e":"depthUpdate","E":1618677480710,"T":1618677480698,"s":"ETHUSD_210924","ps":"ETHUSD","U":86143357760,"u":86143358252,"pu":86143357366,"b":[["2685.02","0"],["2685.03","3443"],["2685.04","968"],["2685.45","0"],["2685.46","0"],["2687.46","0"],["2687.47","0"],["2687.60","0"],["2687.65","660"]],"a":[]}}
1618677485.253099: {"stream":"egldusd_perp@depth@100ms","data":{"e":"depthUpdate","E":1618677480711,"T":1618677480607,"s":"EGLDUSD_PERP","ps":"EGLDUSD","U":86143357761,"u":86143357761,"pu":86143357329,"b":[["216.075","54"]],"a":[]}}
1618677485.253108: {"stream":"btcusd_210924@depth@100ms","data":{"e":"depthUpdate","E":1618677480716,"T":1618677480682,"s":"BTCUSD_210924","ps":"BTCUSD","U":86143357782,"u":86143358161,"pu":86143357075,"b":[["68561.1","1456"]],"a":[["69163.3","1292"]]}}
1618677485.253116: {"stream":"bchusd_210625@bookTicker","data":{"u":86143358305,"e":"bookTicker","s":"BCHUSD_210625","ps":"BCHUSD","b":"1127.00","B":"35","a":"1128.51","A":"250","T":1618677480713,"E":1618677480717}}
1618677485.253128: {"stream":"dotusd_210625@bookTicker","data":{"u":86143358322,"e":"bookTicker","s":"DOTUSD_210625","ps":"DOTUSD","b":"46.733","B":"104","a":"46.763","A":"256","T":1618677480721,"E":1618677480725}}
1618677485.253139: {"stream":"xrpusd_210625@depth@100ms","data":{"e":"depthUpdate","E":1618677480726,"T":1618677480670,"s":"XRPUSD_210625","ps":"XRPUSD","U":86143357862,"u":86143358094,"pu":86143357301,"b":[],"a":[["1.6910","45"],["1.6911","0"]]}}
1618677485.2531478: {"stream":"bchusd_210625@bookTicker","data":{"u":86143358334,"e":"bookTicker","s":"BCHUSD_210625","ps":"BCHUSD","b":"1127.01","B":"30","a":"1128.51","A":"250","T":1618677480723,"E":1618677480727}}
1618677485.25316: {"stream":"dotusd_210625@depth@100ms","data":{"e":"depthUpdate","E":1618677480732,"T":1618677480721,"s":"DOTUSD_210625","ps":"DOTUSD","U":86143357886,"u":86143358322,"pu":86143357700,"b":[["46.517","1377"],["46.542","0"],["46.673","3"],["46.733","104"]],"a":[["46.785","42"],["46.787","0"]]}}
1618677485.2531688: {"stream":"bchusd_210625@bookTicker","data":{"u":86143358391,"e":"bookTicker","s":"BCHUSD_210625","ps":"BCHUSD","b":"1127.02","B":"35","a":"1128.51","A":"250","T":1618677480735,"E":1618677480739}}
1618677485.2531798: {"stream":"bchusd_210625@bookTicker","data":{"u":86143358427,"e":"bookTicker","s":"BCHUSD_210625","ps":"BCHUSD","b":"1127.03","B":"64","a":"1128.51","A":"250","T":1618677480741,"E":1618677480745}}
1618677485.253192: {"stream":"bchusd_210625@bookTicker","data":{"u":86143358453,"e":"bookTicker","s":"BCHUSD_210625","ps":"BCHUSD","b":"1127.03","B":"69","a":"1128.51","A":"250","T":1618677480746,"E":1618677480750}}
1618677485.253203: {"stream":"ethusd_210625@depth@100ms","data":{"e":"depthUpdate","E":1618677480760,"T":1618677480746,"s":"ETHUSD_210625","ps":"ETHUSD","U":86143358015,"u":86143358448,"pu":86143357977,"b":[["2505.36","4318"],["2505.47","2028"],["2505.97","1433"],["2506.07","23364"],["2507.42","300"],["2508.71","299"],["2508.82","0"]],"a":[["2509.09","0"]]}}
1618677485.253212: {"stream":"bchusd_210625@bookTicker","data":{"u":86143358492,"e":"bookTicker","s":"BCHUSD_210625","ps":"BCHUSD","b":"1127.04","B":"35","a":"1128.51","A":"250","T":1618677480755,"E":1618677480760}}
1618677485.253224: {"stream":"btcusd_perp@bookTicker","data":{"u":86143358511,"e":"bookTicker","s":"BTCUSD_PERP","ps":"BTCUSD","b":"60581.0","B":"6175","a":"60581.1","A":"8008","T":1618677480758,"E":1618677480764}}
1618677485.2532349: {"stream":"linkusd_210924@depth@100ms","data":{"e":"depthUpdate","E":1618677480767,"T":1618677480721,"s":"LINKUSD_210924","ps":"LINKUSD","U":86143358060,"u":86143358326,"pu":86143357872,"b":[["44.497","0"],["45.197","2673"],["45.207","173"]],"a":[["45.345","0"]]}}
1618677485.253244: {"stream":"bchusd_210625@depth@100ms","data":{"e":"depthUpdate","E":1618677480785,"T":1618677480755,"s":"BCHUSD_210625","ps":"BCHUSD","U":86143358158,"u":86143358494,"pu":86143358109,"b":[["1121.53","290"],["1126.88","0"],["1126.92","0"],["1126.93","0"],["1126.94","0"],["1126.95","0"],["1126.96","0"],["1126.97","0"],["1126.98","64"],["1126.99","35"],["1127.00","0"],["1127.01","0"],["1127.02","0"],["1127.03","64"],["1127.04","35"]],"a":[["1139.16","0"]]}}
1618677485.253323: {"stream":"dotusd_210625@bookTicker","data":{"u":86143358674,"e":"bookTicker","s":"DOTUSD_210625","ps":"DOTUSD","b":"46.733","B":"104","a":"46.761","A":"540","T":1618677480792,"E":1618677480796}}
1618677485.253338: {"stream":"btcusd_perp@depth@100ms","data":{"e":"depthUpdate","E":1618677480798,"T":1618677480779,"s":"BTCUSD_PERP","ps":"BTCUSD","U":86143358217,"u":86143358615,"pu":86143358203,"b":[["60355.9","0"],["60372.6","0"],["60378.1","1780"]],"a":[["60580.9","0"],["60581.1","8008"],["60585.6","100"],["60586.3","175"],["60596.5","122"],["60609.3","243"],["60622.1","243"],["60624.0","273"]]}}
1618677485.253349: {"stream":"bchusd_210625@bookTicker","data":{"u":86143358679,"e":"bookTicker","s":"BCHUSD_210625","ps":"BCHUSD","b":"1127.05","B":"35","a":"1128.51","A":"250","T":1618677480793,"E":1618677480798}}
1618677485.253361: {"stream":"bchusd_210625@bookTicker","data":{"u":86143358721,"e":"bookTicker","s":"BCHUSD_210625","ps":"BCHUSD","b":"1127.06","B":"34","a":"1128.51","A":"250","T":1618677480803,"E":1618677480806}}
1618677485.253372: {"stream":"dotusd_210625@bookTicker","data":{"u":86143358791,"e":"bookTicker","s":"DOTUSD_210625","ps":"DOTUSD","b":"46.733","B":"104","a":"46.760","A":"200","T":1618677480811,"E":1618677480815}}
1618677485.2533839: {"stream":"bchusd_210625@bookTicker","data":{"u":86143358854,"e":"bookTicker","s":"BCHUSD_210625","ps":"BCHUSD","b":"1127.08","B":"64","a":"1128.51","A":"250","T":1618677480821,"E":1618677480826}}
1618677485.2533948: {"stream":"ethusd_210924@depth@100ms","data":{"e":"depthUpdate","E":1618677480832,"T":1618677480827,"s":"ETHUSD_210924","ps":"ETHUSD","U":86143358357,"u":86143358882,"pu":86143358252,"b":[["2683.31","0"],["2686.13","0"],["2686.79","0"],["2687.38","660"],["2687.46","0"],["2687.47","0"],["2687.65","0"]],"a":[["2688.70","0"]]}}
1618677485.253406: {"stream":"bchusd_210625@bookTicker","data":{"u":86143358911,"e":"bookTicker","s":"BCHUSD_210625","ps":"BCHUSD","b":"1127.09","B":"35","a":"1128.51","A":"250","T":1618677480832,"E":1618677480837}}
1618677485.253417: {"stream":"bchusd_210625@bookTicker","data":{"u":86143358929,"e":"bookTicker","s":"BCHUSD_210625","ps":"BCHUSD","b":"1127.09","B":"70","a":"1128.51","A":"250","T":1618677480835,"E":1618677480838}}
1618677485.253428: {"stream":"dotusd_210625@depth@100ms","data":{"e":"depthUpdate","E":1618677480841,"T":1618677480811,"s":"DOTUSD_210625","ps":"DOTUSD","U":86143358403,"u":86143358791,"pu":86143358322,"b":[["46.673","5"],["46.722","0"],["46.732","540"]],"a":[["46.760","200"],["46.761","540"],["46.764","0"],["46.786","0"]]}}
1618677485.253438: {"stream":"bchusd_210625@bookTicker","data":{"u":86143358968,"e":"bookTicker","s":"BCHUSD_210625","ps":"BCHUSD","b":"1127.10","B":"43","a":"1128.51","A":"250","T":1618677480844,"E":1618677480847}}
1618677485.253449: {"stream":"ethusd_210924@bookTicker","data":{"u":86143358977,"e":"bookTicker","s":"ETHUSD_210924","ps":"ETHUSD","b":"2687.83","B":"416","a":"2687.84","A":"170","T":1618677480844,"E":1618677480848}}
1618677485.25346: {"stream":"ethusd_210924@bookTicker","data":{"u":86143358996,"e":"bookTicker","s":"ETHUSD_210924","ps":"ETHUSD","b":"2687.83","B":"416","a":"2687.84","A":"50","T":1618677480849,"E":1618677480853}}
1618677485.253472: {"stream":"dotusd_210625@bookTicker","data":{"u":86143359013,"e":"bookTicker","s":"DOTUSD_210625","ps":"DOTUSD","b":"46.733","B":"104","a":"46.758","A":"540","T":1618677480852,"E":1618677480855}}
1618677485.253483: {"stream":"dotusd_210625@bookTicker","data":{"u":86143359042,"e":"bookTicker","s":"DOTUSD_210625","ps":"DOTUSD","b":"46.732","B":"540","a":"46.758","A":"540","T":1618677480857,"E":1618677480861}}
1618677485.253494: {"stream":"bchusd_210625@bookTicker","data":{"u":86143359043,"e":"bookTicker","s":"BCHUSD_210625","ps":"BCHUSD","b":"1127.11","B":"35","a":"1128.51","A":"250","T":1618677480857,"E":1618677480862}}
1618677485.253505: {"stream":"ethusd_210625@depth@100ms","data":{"e":"depthUpdate","E":1618677480864,"T":1618677480842,"s":"ETHUSD_210625","ps":"ETHUSD","U":86143358517,"u":86143358957,"pu":86143358448,"b":[["2507.43","0"],["2508.12","0"],["2508.45","0"],["2508.66","299"],["2508.71","0"]],"a":[["2509.09","0"]]}}
1618677485.253514: {"stream":"bchusd_210625@bookTicker","data":{"u":86143359097,"e":"bookTicker","s":"BCHUSD_210625","ps":"BCHUSD","b":"1127.12","B":"28","a":"1128.51","A":"250","T":1618677480869,"E":1618677480873}}
1618677485.253525: {"stream":"xrpusd_210625@depth@100ms","data":{"e":"depthUpdate","E":1618677480876,"T":1618677480848,"s":"XRPUSD_210625","ps":"XRPUSD","U":86143358590,"u":86143358993,"pu":86143358094,"b":[["1.6815","330"],["1.6887","102"]],"a":[]}}
1618677485.2535338: {"stream":"bchusd_210625@bookTicker","data":{"u":86143359121,"e":"bookTicker","s":"BCHUSD_210625","ps":"BCHUSD","b":"1127.12","B":"92","a":"1128.51","A":"250","T":1618677480873,"E":1618677480877}}
1618677485.253545: {"stream":"dotusd_210625@bookTicker","data":{"u":86143359126,"e":"bookTicker","s":"DOTUSD_210625","ps":"DOTUSD","b":"46.732","B":"540","a":"46.756","A":"256","T":1618677480875,"E":1618677480879}}
1618677485.253556: {"stream":"linkusd_210924@depth@100ms","data":{"e":"depthUpdate","E":1618677480880,"T":1618677480818,"s":"LINKUSD_210924","ps":"LINKUSD","U":86143358601,"u":86143358832,"pu":86143358326,"b":[["44.496","40"],["45.199","1152"],["45.200","175"],["45.206","75"],["45.207","20"]],"a":[]}}
1618677485.2535648: {"stream":"linkusd_210625@depth@100ms","data":{"e":"depthUpdate","E":1618677480885,"T":1618677480821,"s":"LINKUSD_210625","ps":"LINKUSD","U":86143358625,"u":86143358849,"pu":86143358076,"b":[],"a":[["43.750","50"],["43.762","0"],["44.841","1030"]]}}
1618677485.2535732: {"stream":"bchusd_210625@bookTicker","data":{"u":86143359160,"e":"bookTicker","s":"BCHUSD_210625","ps":"BCHUSD","b":"1127.13","B":"35","a":"1128.51","A":"250","T":1618677480882,"E":1618677480887}}
1618677485.2535849: {"stream":"bchusd_210625@depth@100ms","data":{"e":"depthUpdate","E":1618677480891,"T":1618677480887,"s":"BCHUSD_210625","ps":"BCHUSD","U":86143358644,"u":86143359188,"pu":86143358494,"b":[["1115.76","0"],["1116.37","0"],["1123.92","0"],["1124.54","50"],["1126.98","0"],["1126.99","0"],["1127.03","0"],["1127.04","0"],["1127.05","0"],["1127.06","0"],["1127.07","0"],["1127.08","64"],["1127.09","0"],["1127.10","0"],["1127.11","0"],["1127.12","92"],["1127.13","35"]],"a":[["1139.15","190"]]}}
1618677485.2536662: {"stream":"btcusd_perp@depth@100ms","data":{"e":"depthUpdate","E":1618677480904,"T":1618677480883,"s":"BTCUSD_PERP","ps":"BTCUSD","U":86143358708,"u":86143359171,"pu":86143358615,"b":[["59308.3","0"],["60540.3","0"],["60579.9","198"],["60580.0","1157"]],"a":[["60580.9","0"],["60586.3","25"],["60669.7","538"],["60681.6","0"]]}}
1618677485.253678: {"stream":"btcusd_210924@depth@100ms","data":{"e":"depthUpdate","E":1618677480904,"T":1618677480799,"s":"BTCUSD_210924","ps":"BTCUSD","U":86143358704,"u":86143358707,"pu":86143358161,"b":[["68561.0","0"],["68578.6","728"]],"a":[]}}
1618677485.2536871: {"stream":"dotusd_210625@bookTicker","data":{"u":86143359323,"e":"bookTicker","s":"DOTUSD_210625","ps":"DOTUSD","b":"46.732","B":"540","a":"46.755","A":"200","T":1618677480908,"E":1618677480911}}
1618677485.2537: {"stream":"xrpusd_210625@bookTicker","data":{"u":86143359354,"e":"bookTicker","s":"XRPUSD_210625","ps":"XRPUSD","b":"1.6891","B":"45","a":"1.6904","A":"48","T":1618677480914,"E":1618677480918}}
1618677485.253712: {"stream":"dotusd_210625@bookTicker","data":{"u":86143359365,"e":"bookTicker","s":"DOTUSD_210625","ps":"DOTUSD","b":"46.732","B":"540","a":"46.756","A":"256","T":1618677480915,"E":1618677480919}}
1618677485.253723: {"stream":"bchusd_210625@bookTicker","data":{"u":86143359373,"e":"bookTicker","s":"BCHUSD_210625","ps":"BCHUSD","b":"1127.14","B":"35","a":"1128.51","A":"250","T":1618677480916,"E":1618677480919}}
1618677485.2537348: {"stream":"linkusd_210625@bookTicker","data":{"u":86143359440,"e":"bookTicker","s":"LINKUSD_210625","ps":"LINKUSD","b":"43.726","B":"7","a":"43.747","A":"45","T":1618677480928,"E":1618677480931}}
1618677485.253746: {"stream":"bchusd_210625@bookTicker","data":{"u":86143359439,"e":"bookTicker","s":"BCHUSD_210625","ps":"BCHUSD","b":"1127.15","B":"35","a":"1128.51","A":"250","T":1618677480928,"E":1618677480931}}
1618677485.253757: {"stream":"xrpusd_210625@bookTicker","data":{"u":86143359488,"e":"bookTicker","s":"XRPUSD_210625","ps":"XRPUSD","b":"1.6891","B":"45","a":"1.6904","A":"148","T":1618677480936,"E":1618677480942}}
1618677485.253769: {"stream":"bchusd_210625@bookTicker","data":{"u":86143359507,"e":"bookTicker","s":"BCHUSD_210625","ps":"BCHUSD","b":"1127.16","B":"41","a":"1128.51","A":"250","T":1618677480940,"E":1618677480946}}
1618677485.25378: {"stream":"bchusd_210625@bookTicker","data":{"u":86143359534,"e":"bookTicker","s":"BCHUSD_210625","ps":"BCHUSD","b":"1127.17","B":"64","a":"1128.51","A":"250","T":1618677480945,"E":1618677480949}}
1618677485.253792: {"stream":"dotusd_210625@depth@100ms","data":{"e":"depthUpdate","E":1618677480953,"T":1618677480925,"s":"DOTUSD_210625","ps":"DOTUSD","U":86143358989,"u":86143359429,"pu":86143358791,"b":[["46.517","0"],["46.542","1377"],["46.720","104"],["46.733","0"]],"a":[["46.755","0"],["46.756","256"],["46.758","540"],["46.760","0"],["46.761","0"],["46.784","200"],["46.785","0"],["46.787","42"],["46.788","232"],["46.829","0"]]}}
1618677485.253803: {"stream":"bchusd_210625@bookTicker","data":{"u":86143359594,"e":"bookTicker","s":"BCHUSD_210625","ps":"BCHUSD","b":"1127.17","B":"99","a":"1128.51","A":"250","T":1618677480955,"E":1618677480959}}
1618677485.253814: {"stream":"xrpusd_210625@bookTicker","data":{"u":86143359609,"e":"bookTicker","s":"XRPUSD_210625","ps":"XRPUSD","b":"1.6892","B":"581","a":"1.6904","A":"148","T":1618677480959,"E":1618677480963}}
1618677485.253825: {"stream":"bchusd_210625@bookTicker","data":{"u":86143359617,"e":"bookTicker","s":"BCHUSD_210625","ps":"BCHUSD","b":"1127.18","B":"43","a":"1128.51","A":"250","T":1618677480960,"E":1618677480964}}
1618677485.253836: {"stream":"bchusd_210625@bookTicker","data":{"u":86143359656,"e":"bookTicker","s":"BCHUSD_210625","ps":"BCHUSD","b":"1127.18","B":"78","a":"1128.51","A":"250","T":1618677480963,"E":1618677480967}}
1618677485.2538471: {"stream":"bchusd_210625@bookTicker","data":{"u":86143359671,"e":"bookTicker","s":"BCHUSD_210625","ps":"BCHUSD","b":"1127.18","B":"87","a":"1128.51","A":"250","T":1618677480965,"E":1618677480969}}
1618677485.253858: {"stream":"xrpusd_210625@bookTicker","data":{"u":86143359670,"e":"bookTicker","s":"XRPUSD_210625","ps":"XRPUSD","b":"1.6891","B":"45","a":"1.6904","A":"148","T":1618677480965,"E":1618677480969}}
1618677485.253869: {"stream":"bchusd_210625@bookTicker","data":{"u":86143359698,"e":"bookTicker","s":"BCHUSD_210625","ps":"BCHUSD","b":"1127.19","B":"34","a":"1128.51","A":"250","T":1618677480971,"E":1618677480974}}
1618677485.25388: {"stream":"xrpusd_210625@bookTicker","data":{"u":86143359706,"e":"bookTicker","s":"XRPUSD_210625","ps":"XRPUSD","b":"1.6890","B":"128","a":"1.6904","A":"148","T":1618677480973,"E":1618677480976}}
1618677485.2538922: {"stream":"bchusd_210625@bookTicker","data":{"u":86143359713,"e":"bookTicker","s":"BCHUSD_210625","ps":"BCHUSD","b":"1127.19","B":"40","a":"1128.51","A":"250","T":1618677480973,"E":1618677480977}}
1618677485.2539032: {"stream":"xrpusd_210625@bookTicker","data":{"u":86143359712,"e":"bookTicker","s":"XRPUSD_210625","ps":"XRPUSD","b":"1.6893","B":"45","a":"1.6904","A":"148","T":1618677480973,"E":1618677480977}}
1618677485.253914: {"stream":"bchusd_210625@bookTicker","data":{"u":86143359722,"e":"bookTicker","s":"BCHUSD_210625","ps":"BCHUSD","b":"1127.19","B":"75","a":"1128.51","A":"250","T":1618677480975,"E":1618677480979}}
1618677485.253925: {"stream":"bchusd_210625@bookTicker","data":{"u":86143359793,"e":"bookTicker","s":"BCHUSD_210625","ps":"BCHUSD","b":"1127.19","B":"41","a":"1128.51","A":"250","T":1618677480981,"E":1618677480985}}
1618677485.253936: {"stream":"bchusd_210625@bookTicker","data":{"u":86143359794,"e":"bookTicker","s":"BCHUSD_210625","ps":"BCHUSD","b":"1127.19","B":"35","a":"1128.51","A":"250","T":1618677480981,"E":1618677480985}}
1618677485.253948: {"stream":"bchusd_210625@bookTicker","data":{"u":86143359796,"e":"bookTicker","s":"BCHUSD_210625","ps":"BCHUSD","b":"1127.20","B":"36","a":"1128.51","A":"250","T":1618677480981,"E":1618677480985}}
1618677485.253963: {"stream":"xrpusd_210625@bookTicker","data":{"u":86143359801,"e":"bookTicker","s":"XRPUSD_210625","ps":"XRPUSD","b":"1.6892","B":"45","a":"1.6904","A":"148","T":1618677480982,"E":1618677480985}}
1618677485.253974: {"stream":"ethusd_210625@depth@100ms","data":{"e":"depthUpdate","E":1618677480987,"T":1618677480982,"s":"ETHUSD_210625","ps":"ETHUSD","U":86143359162,"u":86143359803,"pu":86143358957,"b":[["2500.02","213"],["2503.59","3035"],["2508.66","0"],["2508.81","299"]],"a":[["2509.09","0"],["2512.87","0"]]}}
1618677485.253984: {"stream":"bchusd_210625@bookTicker","data":{"u":86143359850,"e":"bookTicker","s":"BCHUSD_210625","ps":"BCHUSD","b":"1127.20","B":"40","a":"1128.51","A":"250","T":1618677480986,"E":1618677480990}}
1618677485.253995: {"stream":"bchusd_210625@bookTicker","data":{"u":86143359863,"e":"bookTicker","s":"BCHUSD_210625","ps":"BCHUSD","b":"1127.20","B":"75","a":"1128.51","A":"250","T":1618677480987,"E":1618677480991}}
1618677485.254006: {"stream":"xrpusd_210625@bookTicker","data":{"u":86143359870,"e":"bookTicker","s":"XRPUSD_210625","ps":"XRPUSD","b":"1.6894","B":"45","a":"1.6904","A":"148","T":1618677480989,"E":1618677480992}}
1618677485.254017: {"stream":"ethusd_210924@depth@100ms","data":{"e":"depthUpdate","E":1618677480948,"T":1618677480930,"s":"ETHUSD_210924","ps":"ETHUSD","U":86143358977,"u":86143359451,"pu":86143358882,"b":[["2553.39","1000"],["2687.38","0"],["2687.46","660"],["2687.47","204"],["2687.59","0"],["2687.64","0"],["2687.65","0"]],"a":[["2687.84","50"],["2695.59","6661"],["2695.88","0"]]}}
1618677485.254027: {"stream":"ethusd_210924@bookTicker","data":{"u":86143359591,"e":"bookTicker","s":"ETHUSD_210924","ps":"ETHUSD","b":"2687.83","B":"416","a":"2687.84","A":"170","T":1618677480955,"E":1618677480959}}
1618677485.254038: {"stream":"egldusd_perp@depth@100ms","data":{"e":"depthUpdate","E":1618677480984,"T":1618677480879,"s":"EGLDUSD_PERP","ps":"EGLDUSD","U":86143359143,"u":86143359147,"pu":86143357761,"b":[],"a":[["216.471","0"],["216.598","597"]]}}
1618677485.254061: {"stream":"linkusd_210625@depth@100ms","data":{"e":"depthUpdate","E":1618677480987,"T":1618677480968,"s":"LINKUSD_210625","ps":"LINKUSD","U":86143359175,"u":86143359682,"pu":86143358849,"b":[["43.294","0"],["43.608","0"],["43.619","323"]],"a":[["43.747","45"],["43.759","32"],["43.784","0"],["43.785","100"],["43.804","2190"],["43.814","0"],["43.924","0"],["44.841","0"]]}}
1618677485.254072: {"stream":"bchusd_210625@depth@100ms","data":{"e":"depthUpdate","E":1618677480991,"T":1618677480986,"s":"BCHUSD_210625","ps":"BCHUSD","U":86143359189,"u":86143359855,"pu":86143359188,"b":[["1115.76","50"],["1119.59","0"],["1119.68","190"],["1123.93","50"],["1124.54","0"],["1127.08","0"],["1127.09","0"],["1127.12","64"],["1127.13","0"],["1127.14","35"],["1127.15","0"],["1127.16","0"],["1127.17","64"],["1127.18","0"],["1127.19","0"],["1127.20","40"]],"a":[]}}
1618677485.254157: {"stream":"linkusd_210625@bookTicker","data":{"u":86143359894,"e":"bookTicker","s":"LINKUSD_210625","ps":"LINKUSD","b":"43.726","B":"7","a":"43.746","A":"50","T":1618677480994,"E":1618677480998}}
1618677485.2541718: {"stream":"bchusd_210625@bookTicker","data":{"u":86143359886,"e":"bookTicker","s":"BCHUSD_210625","ps":"BCHUSD","b":"1127.20","B":"71","a":"1128.51","A":"250","T":1618677480992,"E":1618677480996}}
1618677485.254185: {"stream":"bchusd_210625@bookTicker","data":{"u":86143359887,"e":"bookTicker","s":"BCHUSD_210625","ps":"BCHUSD","b":"1127.21","B":"44","a":"1128.51","A":"250","T":1618677480992,"E":1618677480996}}
1618677485.254197: {"stream":"xrpusd_210625@bookTicker","data":{"u":86143359925,"e":"bookTicker","s":"XRPUSD_210625","ps":"XRPUSD","b":"1.6893","B":"45","a":"1.6904","A":"148","T":1618677480998,"E":1618677481002}}
1618677485.254209: {"stream":"bchusd_210625@bookTicker","data":{"u":86143359920,"e":"bookTicker","s":"BCHUSD_210625","ps":"BCHUSD","b":"1127.21","B":"49","a":"1128.51","A":"250","T":1618677480998,"E":1618677481002}}
1618677485.25422: {"stream":"bchusd_210625@bookTicker","data":{"u":86143359935,"e":"bookTicker","s":"BCHUSD_210625","ps":"BCHUSD","b":"1127.22","B":"64","a":"1128.51","A":"250","T":1618677481000,"E":1618677481003}}
1618677485.2542331: {"stream":"btcusd_perp@depth@100ms","data":{"e":"depthUpdate","E":1618677481008,"T":1618677481003,"s":"BTCUSD_PERP","ps":"BTCUSD","U":86143359301,"u":86143359953,"pu":86143359171,"b":[["60334.7","3614"],["60345.6","1807"],["60369.6","1781"],["60372.7","1809"],["60375.7","1808"],["60376.3","0"],["60378.1","0"],["60382.4","1809"],["60568.6","200"],["60570.8","100"],["60580.0","217"],["60580.1","940"],["60580.2","0"],["60581.2","0"]],"a":[["60581.9","0"],["60585.6","250"],["60586.0","96"],["60614.4","30"],["60651.9","1"],["60785.8","0"],["60788.2","0"],["60804.4","1821"],["60816.5","1821"],["60827.4","3611"]]}}
1618677485.2542531: {"stream":"bchusd_210625@bookTicker","data":{"u":86143359958,"e":"bookTicker","s":"BCHUSD_210625","ps":"BCHUSD","b":"1127.22","B":"101","a":"1128.51","A":"250","T":1618677481004,"E":1618677481007}}
1618677485.254265: {"stream":"xrpusd_210625@bookTicker","data":{"u":86143359972,"e":"bookTicker","s":"XRPUSD_210625","ps":"XRPUSD","b":"1.6895","B":"45","a":"1.6904","A":"148","T":1618677481006,"E":1618677481009}}
1618677485.2542772: {"stream":"bchusd_210625@bookTicker","data":{"u":86143359980,"e":"bookTicker","s":"BCHUSD_210625","ps":"BCHUSD","b":"1127.22","B":"64","a":"1128.51","A":"250","T":1618677481007,"E":1618677481010}}
1618677485.254288: {"stream":"xrpusd_210625@depth@100ms","data":{"e":"depthUpdate","E":1618677481011,"T":1618677481006,"s":"XRPUSD_210625","ps":"XRPUSD","U":86143359319,"u":86143359972,"pu":86143358993,"b":[["1.6817","8349"],["1.6891","0"],["1.6892","0"],["1.6893","45"],["1.6894","0"],["1.6895","45"]],"a":[["1.6904","148"],["1.6908","0"],["1.6914","0"],["1.6928","0"],["1.6940","1139"],["1.6947","0"],["1.6953","2034"]]}}
1618677485.254299: {"stream":"linkusd_210924@depth@100ms","data":{"e":"depthUpdate","E":1618677481012,"T":1618677481005,"s":"LINKUSD_210924","ps":"LINKUSD","U":86143359324,"u":86143359965,"pu":86143358832,"b":[["45.199","0"],["45.200","0"],["45.208","1152"],["45.209","120"]],"a":[["45.329","0"],["45.330","0"]]}}
1618677485.254308: {"stream":"bchusd_210625@bookTicker","data":{"u":86143360003,"e":"bookTicker","s":"BCHUSD_210625","ps":"BCHUSD","b":"1127.23","B":"19","a":"1128.51","A":"250","T":1618677481010,"E":1618677481014}}
1618677485.2543201: {"stream":"bchusd_210625@bookTicker","data":{"u":86143360026,"e":"bookTicker","s":"BCHUSD_210625","ps":"BCHUSD","b":"1127.23","B":"27","a":"1128.51","A":"250","T":1618677481013,"E":1618677481017}}
1618677485.2543309: {"stream":"bchusd_210625@bookTicker","data":{"u":86143360122,"e":"bookTicker","s":"BCHUSD_210625","ps":"BCHUSD","b":"1127.23","B":"8","a":"1128.51","A":"250","T":1618677481022,"E":1618677481025}}
1618677485.2543418: {"stream":"bchusd_210625@bookTicker","data":{"u":86143360123,"e":"bookTicker","s":"BCHUSD_210625","ps":"BCHUSD","b":"1127.22","B":"64","a":"1128.51","A":"250","T":1618677481022,"E":1618677481025}}
1618677485.2543528: {"stream":"bchusd_210625@bookTicker","data":{"u":86143360126,"e":"bookTicker","s":"BCHUSD_210625","ps":"BCHUSD","b":"1127.24","B":"36","a":"1128.51","A":"250","T":1618677481022,"E":1618677481026}}
1618677485.254364: {"stream":"btcusd_perp@bookTicker","data":{"u":86143360146,"e":"bookTicker","s":"BTCUSD_PERP","ps":"BTCUSD","b":"60581.0","B":"6175","a":"60581.1","A":"8007","T":1618677481023,"E":1618677481028}}
1618677485.254376: {"stream":"xrpusd_210625@bookTicker","data":{"u":86143360168,"e":"bookTicker","s":"XRPUSD_210625","ps":"XRPUSD","b":"1.6890","B":"128","a":"1.6904","A":"148","T":1618677481025,"E":1618677481029}}
1618677485.2543879: {"stream":"bchusd_210625@bookTicker","data":{"u":86143360227,"e":"bookTicker","s":"BCHUSD_210625","ps":"BCHUSD","b":"1127.25","B":"35","a":"1128.51","A":"250","T":1618677481035,"E":1618677481040}}
1618677485.254399: {"stream":"bchusd_210625@bookTicker","data":{"u":86143360288,"e":"bookTicker","s":"BCHUSD_210625","ps":"BCHUSD","b":"1127.26","B":"41","a":"1128.51","A":"250","T":1618677481046,"E":1618677481049}}
1618677485.25441: {"stream":"bchusd_210625@bookTicker","data":{"u":86143360348,"e":"bookTicker","s":"BCHUSD_210625","ps":"BCHUSD","b":"1127.27","B":"64","a":"1128.51","A":"250","T":1618677481055,"E":1618677481058}}
1618677485.254421: {"stream":"ethusd_210924@depth@100ms","data":{"e":"depthUpdate","E":1618677481059,"T":1618677481049,"s":"ETHUSD_210924","ps":"ETHUSD","U":86143359591,"u":86143360305,"pu":86143359451,"b":[["2687.46","0"],["2687.47","0"],["2687.48","660"],["2687.49","204"],["2687.65","0"],["2687.66","0"]],"a":[["2687.84","170"],["2695.58","13323"],["2695.60","0"]]}}
1618677485.254431: {"stream":"xrpusd_210625@bookTicker","data":{"u":86143360381,"e":"bookTicker","s":"XRPUSD_210625","ps":"XRPUSD","b":"1.6891","B":"45","a":"1.6904","A":"148","T":1618677481060,"E":1618677481064}}
1618677485.254443: {"stream":"bchusd_210625@bookTicker","data":{"u":86143360398,"e":"bookTicker","s":"BCHUSD_210625","ps":"BCHUSD","b":"1127.28","B":"42","a":"1128.51","A":"250","T":1618677481064,"E":1618677481066}}
1618677485.254454: {"stream":"dotusd_210625@depth@100ms","data":{"e":"depthUpdate","E":1618677481067,"T":1618677481056,"s":"DOTUSD_210625","ps":"DOTUSD","U":86143359662,"u":86143360361,"pu":86143359429,"b":[["46.542","0"],["46.549","1376"]],"a":[["46.757","0"],["46.762","0"],["46.783","42"],["46.784","0"],["46.787","0"]]}}
1618677485.254464: {"stream":"ethusd_210924@bookTicker","data":{"u":86143360409,"e":"bookTicker","s":"ETHUSD_210924","ps":"ETHUSD","b":"2687.83","B":"416","a":"2687.84","A":"50","T":1618677481066,"E":1618677481069}}
1618677485.254475: {"stream":"linkusd_210625@bookTicker","data":{"u":86143360430,"e":"bookTicker","s":"LINKUSD_210625","ps":"LINKUSD","b":"43.726","B":"7","a":"43.746","A":"63","T":1618677481069,"E":1618677481072}}
1618677485.254487: {"stream":"bchusd_210625@bookTicker","data":{"u":86143360497,"e":"bookTicker","s":"BCHUSD_210625","ps":"BCHUSD","b":"1127.29","B":"35","a":"1128.51","A":"250","T":1618677481086,"E":1618677481089}}
1618677485.254498: {"stream":"bchusd_210625@depth@100ms","data":{"e":"depthUpdate","E":1618677481091,"T":1618677481086,"s":"BCHUSD_210625","ps":"BCHUSD","U":86143359863,"u":86143360497,"pu":86143359855,"b":[["1127.12","0"],["1127.14","0"],["1127.17","0"],["1127.18","0"],["1127.20","0"],["1127.21","0"],["1127.22","64"],["1127.23","0"],["1127.24","36"],["1127.25","0"],["1127.26","0"],["1127.27","64"],["1127.28","42"],["1127.29","35"]],"a":[]}}
1618677485.254564: {"stream":"linkusd_210625@depth@100ms","data":{"e":"depthUpdate","E":1618677481098,"T":1618677481069,"s":"LINKUSD_210625","ps":"LINKUSD","U":86143359893,"u":86143360430,"pu":86143359682,"b":[["42.944","0"],["43.706","48"]],"a":[["43.746","63"],["43.747","32"],["43.750","0"],["43.927","180"]]}}
1618677485.254575: {"stream":"bchusd_210625@bookTicker","data":{"u":86143360528,"e":"bookTicker","s":"BCHUSD_210625","ps":"BCHUSD","b":"1127.30","B":"42","a":"1128.51","A":"250","T":1618677481095,"E":1618677481099}}
1618677485.254588: {"stream":"dotusd_210625@bookTicker","data":{"u":86143360626,"e":"bookTicker","s":"DOTUSD_210625","ps":"DOTUSD","b":"46.732","B":"540","a":"46.755","A":"200","T":1618677481111,"E":1618677481113}}
1618677485.2546: {"stream":"btcusd_perp@depth@100ms","data":{"e":"depthUpdate","E":1618677481114,"T":1618677481100,"s":"BTCUSD_PERP","ps":"BTCUSD","U":86143359999,"u":86143360589,"pu":86143359953,"b":[["59296.7","132"],["59551.1","132"],["59781.3","66"],["59841.9","66"],["59975.2","134"],["60035.8","132"],["60205.4","189"],["60355.9","1808"],["60359.3","1775"],["60366.6","3599"],["60371.4","0"],["60378.1","1809"],["60380.5","0"],["60560.6","129"],["60560.9","122"],["60581.2","0"]],"a":[["60581.1","8007"],["60596.5","0"],["60597.3","122"],["60609.3","0"],["60610.0","243"],["60614.4","0"],["60622.1","0"],["60622.8","243"],["60624.0","30"],["60624.7","243"],["60789.5","1821"],["60790.7","0"],["60794.9","0"],["60802.8","1807"],["60811.3","0"]]}}
1618677485.254615: {"stream":"xrpusd_210625@depth@100ms","data":{"e":"depthUpdate","E":1618677481114,"T":1618677481100,"s":"XRPUSD_210625","ps":"XRPUSD","U":86143360009,"u":86143360593,"pu":86143359972,"b":[["1.6787","0"],["1.6789","100"],["1.6872","250"],["1.6875","12"],["1.6879","148"],["1.6880","0"],["1.6882","100"],["1.6891","45"],["1.6893","0"],["1.6895","0"]],"a":[["1.6910","0"],["1.6921","1212"]]}}
1618677485.254626: {"stream":"bchusd_210625@bookTicker","data":{"u":86143360646,"e":"bookTicker","s":"BCHUSD_210625","ps":"BCHUSD","b":"1127.32","B":"64","a":"1128.51","A":"250","T":1618677481113,"E":1618677481118}}
1618677485.254637: {"stream":"linkusd_210625@bookTicker","data":{"u":86143360641,"e":"bookTicker","s":"LINKUSD_210625","ps":"LINKUSD","b":"43.726","B":"7","a":"43.746","A":"50","T":1618677481112,"E":1618677481118}}
1618677485.2546492: {"stream":"xrpusd_210625@bookTicker","data":{"u":86143360716,"e":"bookTicker","s":"XRPUSD_210625","ps":"XRPUSD","b":"1.6890","B":"128","a":"1.6904","A":"148","T":1618677481122,"E":1618677481125}}
1618677485.254661: {"stream":"bchusd_210625@bookTicker","data":{"u":86143360733,"e":"bookTicker","s":"BCHUSD_210625","ps":"BCHUSD","b":"1127.33","B":"5","a":"1128.51","A":"250","T":1618677481123,"E":1618677481128}}
1618677485.2546718: {"stream":"btcusd_210924@depth@100ms","data":{"e":"depthUpdate","E":1618677481152,"T":1618677481065,"s":"BTCUSD_210924","ps":"BTCUSD","U":86143360299,"u":86143360402,"pu":86143358707,"b":[["68561.1","0"],["68590.7","1446"],["68592.0","325"]],"a":[]}}
1618677485.254681: {"stream":"ethusd_210924@depth@100ms","data":{"e":"depthUpdate","E":1618677481169,"T":1618677481066,"s":"ETHUSD_210924","ps":"ETHUSD","U":86143360409,"u":86143360409,"pu":86143360305,"b":[],"a":[["2687.84","50"]]}}
1618677485.254689: {"stream":"dotusd_210625@depth@100ms","data":{"e":"depthUpdate","E":1618677481170,"T":1618677481123,"s":"DOTUSD_210625","ps":"DOTUSD","U":86143360410,"u":86143360730,"pu":86143360361,"b":[],"a":[["46.755","200"],["46.757","0"],["46.783","0"],["46.787","42"],["47.066","610"]]}}
1618677485.254698: {"stream":"xrpusd_210625@bookTicker","data":{"u":86143360974,"e":"bookTicker","s":"XRPUSD_210625","ps":"XRPUSD","b":"1.6890","B":"128","a":"1.6904","A":"48","T":1618677481173,"E":1618677481176}}
1618677485.25471: {"stream":"bchusd_210625@depth@100ms","data":{"e":"depthUpdate","E":1618677481198,"T":1618677481141,"s":"BCHUSD_210625","ps":"BCHUSD","U":86143360527,"u":86143360851,"pu":86143360497,"b":[["1127.22","0"],["1127.24","0"],["1127.28","14"],["1127.29","0"],["1127.30","0"],["1127.32","64"],["1127.33","5"]],"a":[["1128.58","0"]]}}
1618677485.25476: {"stream":"ethusd_210625@bookTicker","data":{"u":86143361196,"e":"bookTicker","s":"ETHUSD_210625","ps":"ETHUSD","b":"2509.10","B":"1312","a":"2509.11","A":"5357","T":1618677481212,"E":1618677481216}}
1618677485.254774: {"stream":"linkusd_210625@depth@100ms","data":{"e":"depthUpdate","E":1618677481218,"T":1618677481162,"s":"LINKUSD_210625","ps":"LINKUSD","U":86143360641,"u":86143360924,"pu":86143360430,"b":[["43.578","467"],["43.661","0"]],"a":[["43.746","50"],["43.759","45"],["43.927","0"]]}}
1618677485.254784: {"stream":"bchusd_210625@bookTicker","data":{"u":86143361235,"e":"bookTicker","s":"BCHUSD_210625","ps":"BCHUSD","b":"1127.33","B":"19","a":"1128.51","A":"250","T":1618677481216,"E":1618677481221}}
1618677485.254796: {"stream":"xrpusd_210625@depth@100ms","data":{"e":"depthUpdate","E":1618677481225,"T":1618677481215,"s":"XRPUSD_210625","ps":"XRPUSD","U":86143360716,"u":86143361221,"pu":86143360593,"b":[["1.6882","199"],["1.6887","102"],["1.6891","0"]],"a":[["1.6904","48"],["1.6907","0"],["1.6912","0"],["1.6923","12"],["1.6929","616"]]}}
1618677485.254805: {"stream":"linkusd_210924@depth@100ms","data":{"e":"depthUpdate","E":1618677481224,"T":1618677481177,"s":"LINKUSD_210924","ps":"LINKUSD","U":86143360704,"u":86143361002,"pu":86143359965,"b":[["44.878","40"]],"a":[["45.396","5514"],["45.406","0"]]}}
1618677485.254814: {"stream":"btcusd_perp@depth@100ms","data":{"e":"depthUpdate","E":1618677481246,"T":1618677481214,"s":"BTCUSD_PERP","ps":"BTCUSD","U":86143360853,"u":86143361216,"pu":86143360589,"b":[["60380.5","1808"],["60514.1","0"]],"a":[["60625.3","0"],["60626.6","1405"],["60795.5","3593"]]}}
1618677485.2548218: {"stream":"btcusd_perp@bookTicker","data":{"u":86143361491,"e":"bookTicker","s":"BTCUSD_PERP","ps":"BTCUSD","b":"60581.0","B":"6175","a":"60581.1","A":"8013","T":1618677481259,"E":1618677481263}}
1618677485.254834: {"stream":"bchusd_210625@bookTicker","data":{"u":86143361531,"e":"bookTicker","s":"BCHUSD_210625","ps":"BCHUSD","b":"1127.34","B":"35","a":"1128.51","A":"250","T":1618677481266,"E":1618677481269}}
1618677485.2548459: {"stream":"ethusd_210625@depth@100ms","data":{"e":"depthUpdate","E":1618677481275,"T":1618677481265,"s":"ETHUSD_210625","ps":"ETHUSD","U":86143360972,"u":86143361525,"pu":86143359803,"b":[["2504.43","0"],["2504.71","0"],["2505.08","0"],["2505.11","0"],["2505.76","1300"],["2505.84","0"],["2505.88","0"],["2505.90","0"],["2506.02","0"],["2506.03","0"],["2506.05","0"],["2506.11","2075"],["2506.14","0"],["2506.42","0"],["2506.47","0"],["2506.55","0"],["2508.66","0"],["2508.81","0"],["2508.82","299"]],"a":[["2509.09","0"],["2509.11","5357"],["2509.22","0"],["2509.26","0"],["2509.31","0"],["2509.38","0"],["2509.39","0"],["2509.64","1288"],["2509.65","2025"],["2509.81","0"],["2509.85","0"],["2510.02","1250"],["2510.12","2365"],["2510.15","0"],["2510.16","0"],["2510.31","0"],["2510.39","0"],["2510.65","1083"],["2510.66","0"],["2512.16","0"]]}}
1618677485.254861: {"stream":"btcusd_perp@bookTicker","data":{"u":86143361605,"e":"bookTicker","s":"BTCUSD_PERP","ps":"BTCUSD","b":"60581.0","B":"6175","a":"60581.1","A":"8043","T":1618677481277,"E":1618677481279}}
1618677485.254873: {"stream":"xrpusd_210625@bookTicker","data":{"u":86143361627,"e":"bookTicker","s":"XRPUSD_210625","ps":"XRPUSD","b":"1.6890","B":"128","a":"1.6913","A":"262","T":1618677481279,"E":1618677481282}}
1618677485.2548852: {"stream":"dotusd_210625@depth@100ms","data":{"e":"depthUpdate","E":1618677481290,"T":1618677481249,"s":"DOTUSD_210625","ps":"DOTUSD","U":86143361061,"u":86143361441,"pu":86143360730,"b":[["46.199","520"],["46.207","0"]],"a":[["46.849","1813"],["46.854","0"]]}}
1618677485.254894: {"stream":"xrpusd_210625@bookTicker","data":{"u":86143361718,"e":"bookTicker","s":"XRPUSD_210625","ps":"XRPUSD","b":"1.6890","B":"128","a":"1.6912","A":"48","T":1618677481288,"E":1618677481292}}
1618677485.2549062: {"stream":"linkusd_210625@bookTicker","data":{"u":86143361743,"e":"bookTicker","s":"LINKUSD_210625","ps":"LINKUSD","b":"43.726","B":"7","a":"43.747","A":"32","T":1618677481292,"E":1618677481297}}
1618677485.2549171: {"stream":"bchusd_210625@depth@100ms","data":{"e":"depthUpdate","E":1618677481305,"T":1618677481285,"s":"BCHUSD_210625","ps":"BCHUSD","U":86143361123,"u":86143361693,"pu":86143360851,"b":[["1115.76","0"],["1116.37","50"],["1123.93","0"],["1124.54","50"],["1127.27","0"],["1127.33","19"],["1127.34","35"]],"a":[["1131.19","96"],["1137.20","0"],["1137.62","1840"],["1145.35","0"],["1145.94","629"]]}}
1618677485.254987: {"stream":"xrpusd_210625@bookTicker","data":{"u":86143361808,"e":"bookTicker","s":"XRPUSD_210625","ps":"XRPUSD","b":"1.6890","B":"128","a":"1.6912","A":"193","T":1618677481300,"E":1618677481304}}
1618677485.255001: {"stream":"btcusd_210924@bookTicker","data":{"u":86143361817,"e":"bookTicker","s":"BTCUSD_210924","ps":"BTCUSD","b":"68616.0","B":"441","a":"68616.1","A":"90","T":1618677481301,"E":1618677481306}}
1618677485.255014: {"stream":"ethusd_210625@bookTicker","data":{"u":86143361820,"e":"bookTicker","s":"ETHUSD_210625","ps":"ETHUSD","b":"2509.10","B":"2212","a":"2509.11","A":"5357","T":1618677481302,"E":1618677481306}}
1618677485.2550259: {"stream":"bchusd_210625@bookTicker","data":{"u":86143361847,"e":"bookTicker","s":"BCHUSD_210625","ps":"BCHUSD","b":"1127.35","B":"64","a":"1128.51","A":"250","T":1618677481303,"E":1618677481306}}
1618677485.2550368: {"stream":"btcusd_perp@bookTicker","data":{"u":86143361859,"e":"bookTicker","s":"BTCUSD_PERP","ps":"BTCUSD","b":"60581.0","B":"6175","a":"60581.1","A":"8013","T":1618677481305,"E":1618677481308}}
1618677485.255049: {"stream":"ethusd_210625@bookTicker","data":{"u":86143361871,"e":"bookTicker","s":"ETHUSD_210625","ps":"ETHUSD","b":"2509.10","B":"1312","a":"2509.11","A":"5357","T":1618677481307,"E":1618677481311}}
1618677485.25506: {"stream":"ethusd_210924@bookTicker","data":{"u":86143361879,"e":"bookTicker","s":"ETHUSD_210924","ps":"ETHUSD","b":"2687.83","B":"416","a":"2687.84","A":"170","T":1618677481308,"E":1618677481311}}
1618677485.255071: {"stream":"xrpusd_210625@bookTicker","data":{"u":86143361884,"e":"bookTicker","s":"XRPUSD_210625","ps":"XRPUSD","b":"1.6890","B":"128","a":"1.6912","A":"293","T":1618677481308,"E":1618677481312}}
1618677485.255082: {"stream":"dotusd_210625@bookTicker","data":{"u":86143361891,"e":"bookTicker","s":"DOTUSD_210625","ps":"DOTUSD","b":"46.732","B":"540","a":"46.756","A":"256","T":1618677481309,"E":1618677481312}}
1618677485.255094: {"stream":"xrpusd_210625@bookTicker","data":{"u":86143361892,"e":"bookTicker","s":"XRPUSD_210625","ps":"XRPUSD","b":"1.6891","B":"45","a":"1.6912","A":"293","T":1618677481309,"E":1618677481313}}
1618677485.255105: {"stream":"bchusd_210625@bookTicker","data":{"u":86143361940,"e":"bookTicker","s":"BCHUSD_210625","ps":"BCHUSD","b":"1127.36","B":"35","a":"1128.51","A":"250","T":1618677481316,"E":1618677481319}}
1618677485.255116: {"stream":"xrpusd_210625@bookTicker","data":{"u":86143361959,"e":"bookTicker","s":"XRPUSD_210625","ps":"XRPUSD","b":"1.6891","B":"63","a":"1.6912","A":"293","T":1618677481318,"E":1618677481323}}
1618677485.2551281: {"stream":"ethusd_210924@depth@100ms","data":{"e":"depthUpdate","E":1618677481325,"T":1618677481308,"s":"ETHUSD_210924","ps":"ETHUSD","U":86143361258,"u":86143361879,"pu":86143360409,"b":[["2685.03","0"],["2685.04","0"],["2685.45","3514"],["2685.46","770"],["2686.79","0"],["2687.48","0"],["2687.49","0"],["2687.50","725"]],"a":[["2687.84","170"]]}}
1618677485.2551382: {"stream":"linkusd_210625@depth@100ms","data":{"e":"depthUpdate","E":1618677481330,"T":1618677481298,"s":"LINKUSD_210625","ps":"LINKUSD","U":86143361276,"u":86143361794,"pu":86143360924,"b":[],"a":[["43.746","0"],["43.762","50"],["43.930","180"]]}}
1618677485.255147: {"stream":"xrpusd_210625@depth@100ms","data":{"e":"depthUpdate","E":1618677481333,"T":1618677481318,"s":"XRPUSD_210625","ps":"XRPUSD","U":86143361316,"u":86143361959,"pu":86143361221,"b":[["1.6817","8269"],["1.6818","189"],["1.6843","401"],["1.6854","422"],["1.6879","100"],["1.6883","48"],["1.6887","148"],["1.6891","63"]],"a":[["1.6904","0"],["1.6912","293"],["1.6913","157"],["1.6915","164"],["1.6919","0"],["1.6921","12"],["1.6929","1816"],["1.6953","144"],["1.6955","0"],["1.6956","0"],["1.6962","5461"],["1.6964","1670"]]}}
1618677485.2551591: {"stream":"xrpusd_210625@bookTicker","data":{"u":86143362047,"e":"bookTicker","s":"XRPUSD_210625","ps":"XRPUSD","b":"1.6891","B":"63","a":"1.6912","A":"193","T":1618677481329,"E":1618677481333}}
1618677485.255171: {"stream":"btcusd_210924@depth@100ms","data":{"e":"depthUpdate","E":1618677481339,"T":1618677481301,"s":"BTCUSD_210924","ps":"BTCUSD","U":86143361354,"u":86143361817,"pu":86143360402,"b":[["68560.9","0"],["68585.7","529"],["68585.8","176"]],"a":[["68616.1","90"]]}}
1618677485.2551801: {"stream":"bchusd_210625@bookTicker","data":{"u":86143362136,"e":"bookTicker","s":"BCHUSD_210625","ps":"BCHUSD","b":"1127.35","B":"64","a":"1128.51","A":"250","T":1618677481345,"E":1618677481349}}
1618677485.255191: {"stream":"xrpusd_210625@bookTicker","data":{"u":86143362143,"e":"bookTicker","s":"XRPUSD_210625","ps":"XRPUSD","b":"1.6891","B":"18","a":"1.6912","A":"193","T":1618677481348,"E":1618677481350}}
1618677485.255203: {"stream":"bchusd_210625@bookTicker","data":{"u":86143362166,"e":"bookTicker","s":"BCHUSD_210625","ps":"BCHUSD","b":"1127.37","B":"35","a":"1128.51","A":"250","T":1618677481353,"E":1618677481356}}
1618677485.255214: {"stream":"btcusd_perp@depth@100ms","data":{"e":"depthUpdate","E":1618677481359,"T":1618677481354,"s":"BTCUSD_PERP","ps":"BTCUSD","U":86143361473,"u":86143362181,"pu":86143361216,"b":[["59500.0","32127"],["59924.2","0"],["60372.3","0"],["60495.4","42"],["60502.7","19"],["60560.8","363"],["60560.9","0"],["60581.2","0"]],"a":[["60581.1","8013"],["60581.8","0"],["60584.2","130"],["60585.6","100"],["60586.0","246"],["60597.2","0"],["60597.3","0"],["60599.9","0"],["60602.3","122"],["60610.0","0"],["60612.7","0"],["60615.1","243"],["60622.8","0"],["60624.7","0"],["60625.5","0"],["60627.4","99"],["60627.9","245"],["60798.3","0"],["60811.2","1804"],["61141.2","0"]]}}
1618677485.2552278: {"stream":"dotusd_210625@bookTicker","data":{"u":86143362202,"e":"bookTicker","s":"DOTUSD_210625","ps":"DOTUSD","b":"46.733","B":"1","a":"46.756","A":"256","T":1618677481357,"E":1618677481361}}
1618677485.255239: {"stream":"xrpusd_210625@bookTicker","data":{"u":86143362203,"e":"bookTicker","s":"XRPUSD_210625","ps":"XRPUSD","b":"1.6892","B":"45","a":"1.6912","A":"193","T":1618677481357,"E":1618677481361}}
1618677485.255252: {"stream":"linkusd_210924@depth@100ms","data":{"e":"depthUpdate","E":1618677481366,"T":1618677481262,"s":"LINKUSD_210924","ps":"LINKUSD","U":86143361513,"u":86143361513,"pu":86143361002,"b":[],"a":[["45.396","365"]]}}
1618677485.255261: {"stream":"bchusd_210625@bookTicker","data":{"u":86143362226,"e":"bookTicker","s":"BCHUSD_210625","ps":"BCHUSD","b":"1127.35","B":"64","a":"1128.51","A":"250","T":1618677481363,"E":1618677481366}}
1618677485.255272: {"stream":"bchusd_210625@bookTicker","data":{"u":86143362231,"e":"bookTicker","s":"BCHUSD_210625","ps":"BCHUSD","b":"1127.36","B":"35","a":"1128.51","A":"250","T":1618677481363,"E":1618677481367}}
1618677485.255284: {"stream":"xrpusd_210625@bookTicker","data":{"u":86143362255,"e":"bookTicker","s":"XRPUSD_210625","ps":"XRPUSD","b":"1.6892","B":"626","a":"1.6912","A":"193","T":1618677481369,"E":1618677481372}}
1618677485.255295: {"stream":"dotusd_210625@bookTicker","data":{"u":86143362261,"e":"bookTicker","s":"DOTUSD_210625","ps":"DOTUSD","b":"46.733","B":"1","a":"46.758","A":"540","T":1618677481370,"E":1618677481373}}
1618677485.255306: {"stream":"xrpusd_210625@bookTicker","data":{"u":86143362288,"e":"bookTicker","s":"XRPUSD_210625","ps":"XRPUSD","b":"1.6892","B":"626","a":"1.6911","A":"100","T":1618677481373,"E":1618677481377}}
1618677485.255317: {"stream":"ethusd_210625@depth@100ms","data":{"e":"depthUpdate","E":1618677481378,"T":1618677481371,"s":"ETHUSD_210625","ps":"ETHUSD","U":86143361578,"u":86143362270,"pu":86143361525,"b":[["2504.91","1505"],["2505.08","1204"],["2505.28","1528"],["2505.30","1651"],["2505.84","963"],["2506.04","2316"],["2506.08","2048"],["2506.10","1359"],["2506.11","2845"],["2506.14","838"],["2506.25","1353"],["2506.39","856"],["2506.40","616"],["2506.62","1193"],["2506.63","835"],["2507.03","0"],["2508.27","0"],["2508.71","249"],["2509.10","1312"]],"a":[["2509.09","0"],["2509.21","0"],["2509.26","564"],["2509.31","1534"],["2509.32","835"],["2509.39","1353"],["2509.56","606"],["2509.60","616"],["2509.65","2863"],["2509.68","716"],["2509.82","770"],["2509.85","1132"],["2510.12","3724"],["2510.13","1651"],["2510.15","2491"],["2510.16","1204"],["2510.24","0"],["2510.31","1505"],["2510.66","1193"],["2513.02","500"],["2514.29","0"],["2514.72","0"],["2520.37","2000"]]}}
1618677485.2553332: {"stream":"bchusd_210625@bookTicker","data":{"u":86143362291,"e":"bookTicker","s":"BCHUSD_210625","ps":"BCHUSD","b":"1127.35","B":"64","a":"1128.51","A":"250","T":1618677481374,"E":1618677481378}}
1618677485.2553449: {"stream":"xrpusd_210625@bookTicker","data":{"u":86143362322,"e":"bookTicker","s":"XRPUSD_210625","ps":"XRPUSD","b":"1.6892","B":"581","a":"1.6911","A":"100","T":1618677481380,"E":1618677481385}}
1618677485.255357: {"stream":"xrpusd_210625@bookTicker","data":{"u":86143362323,"e":"bookTicker","s":"XRPUSD_210625","ps":"XRPUSD","b":"1.6893","B":"45","a":"1.6911","A":"100","T":1618677481381,"E":1618677481386}}
1618677485.255368: {"stream":"bchusd_210625@bookTicker","data":{"u":86143362331,"e":"bookTicker","s":"BCHUSD_210625","ps":"BCHUSD","b":"1127.37","B":"35","a":"1128.51","A":"250","T":1618677481382,"E":1618677481386}}
1618677485.255379: {"stream":"btcusd_210924@bookTicker","data":{"u":86143362356,"e":"bookTicker","s":"BTCUSD_210924","ps":"BTCUSD","b":"68616.0","B":"441","a":"68616.1","A":"155","T":1618677481387,"E":1618677481391}}
1618677485.255391: {"stream":"xrpusd_210625@bookTicker","data":{"u":86143362374,"e":"bookTicker","s":"XRPUSD_210625","ps":"XRPUSD","b":"1.6893","B":"45","a":"1.6911","A":"245","T":1618677481390,"E":1618677481394}}
1618677485.255402: {"stream":"ethusd_210625@bookTicker","data":{"u":86143362386,"e":"bookTicker","s":"ETHUSD_210625","ps":"ETHUSD","b":"2509.10","B":"1312","a":"2509.11","A":"5236","T":1618677481391,"E":1618677481396}}
1618677485.255414: {"stream":"ethusd_210625@bookTicker","data":{"u":86143362411,"e":"bookTicker","s":"ETHUSD_210625","ps":"ETHUSD","b":"2509.10","B":"1312","a":"2509.11","A":"4163","T":1618677481396,"E":1618677481400}}
1618677485.255425: {"stream":"bchusd_210625@bookTicker","data":{"u":86143362421,"e":"bookTicker","s":"BCHUSD_210625","ps":"BCHUSD","b":"1127.38","B":"64","a":"1128.51","A":"250","T":1618677481398,"E":1618677481401}}
1618677485.255436: {"stream":"bchusd_210625@depth@100ms","data":{"e":"depthUpdate","E":1618677481406,"T":1618677481398,"s":"BCHUSD_210625","ps":"BCHUSD","U":86143361815,"u":86143362421,"pu":86143361693,"b":[["1116.37","50"],["1119.68","0"],["1119.74","543"],["1123.93","0"],["1124.54","0"],["1127.28","0"],["1127.32","0"],["1127.33","0"],["1127.34","0"],["1127.35","64"],["1127.36","0"],["1127.37","35"],["1127.38","64"]],"a":[["1131.49","0"]]}}
1618677485.255511: {"stream":"ethusd_210625@bookTicker","data":{"u":86143362443,"e":"bookTicker","s":"ETHUSD_210625","ps":"ETHUSD","b":"2509.10","B":"1312","a":"2509.11","A":"7054","T":1618677481402,"E":1618677481407}}
1618677485.2555258: {"stream":"btcusd_210924@bookTicker","data":{"u":86143362475,"e":"bookTicker","s":"BTCUSD_210924","ps":"BTCUSD","b":"68616.0","B":"441","a":"68616.1","A":"90","T":1618677481405,"E":1618677481408}}
1618677485.255538: {"stream":"xrpusd_210625@bookTicker","data":{"u":86143362459,"e":"bookTicker","s":"XRPUSD_210625","ps":"XRPUSD","b":"1.6893","B":"45","a":"1.6911","A":"145","T":1618677481403,"E":1618677481407}}
1618677485.25555: {"stream":"ethusd_210625@bookTicker","data":{"u":86143362464,"e":"bookTicker","s":"ETHUSD_210625","ps":"ETHUSD","b":"2509.10","B":"2212","a":"2509.11","A":"7054","T":1618677481404,"E":1618677481408}}
1618677485.255562: {"stream":"dotusd_210625@depth@100ms","data":{"e":"depthUpdate","E":1618677481412,"T":1618677481371,"s":"DOTUSD_210625","ps":"DOTUSD","U":86143361891,"u":86143362277,"pu":86143361441,"b":[["46.673","3"],["46.733","1"]],"a":[["46.755","0"],["46.756","0"],["46.762","200"],["46.763","0"],["46.786","0"],["46.961","0"],["46.993","1550"]]}}
1618677485.255573: {"stream":"ethusd_210625@bookTicker","data":{"u":86143362535,"e":"bookTicker","s":"ETHUSD_210625","ps":"ETHUSD","b":"2509.10","B":"1312","a":"2509.11","A":"7054","T":1618677481414,"E":1618677481418}}
1618677485.255584: {"stream":"linkusd_210625@bookTicker","data":{"u":86143362545,"e":"bookTicker","s":"LINKUSD_210625","ps":"LINKUSD","b":"43.726","B":"7","a":"43.750","A":"50","T":1618677481417,"E":1618677481420}}
1618677485.255595: {"stream":"dotusd_210625@bookTicker","data":{"u":86143362555,"e":"bookTicker","s":"DOTUSD_210625","ps":"DOTUSD","b":"46.732","B":"540","a":"46.758","A":"540","T":1618677481418,"E":1618677481420}}
1618677485.2556071: {"stream":"xrpusd_210625@bookTicker","data":{"u":86143362542,"e":"bookTicker","s":"XRPUSD_210625","ps":"XRPUSD","b":"1.6893","B":"45","a":"1.6912","A":"193","T":1618677481416,"E":1618677481420}}
1618677485.255618: {"stream":"bchusd_210625@bookTicker","data":{"u":86143362580,"e":"bookTicker","s":"BCHUSD_210625","ps":"BCHUSD","b":"1127.39","B":"35","a":"1128.51","A":"250","T":1618677481423,"E":1618677481427}}
1618677485.25563: {"stream":"xrpusd_210625@bookTicker","data":{"u":86143362569,"e":"bookTicker","s":"XRPUSD_210625","ps":"XRPUSD","b":"1.6893","B":"45","a":"1.6910","A":"100","T":1618677481421,"E":1618677481427}}
1618677485.255641: {"stream":"linkusd_210625@bookTicker","data":{"u":86143362591,"e":"bookTicker","s":"LINKUSD_210625","ps":"LINKUSD","b":"43.726","B":"7","a":"43.746","A":"50","T":1618677481425,"E":1618677481430}}
1618677485.2556531: {"stream":"xrpusd_210625@depth@100ms","data":{"e":"depthUpdate","E":1618677481433,"T":1618677481421,"s":"XRPUSD_210625","ps":"XRPUSD","U":86143362047,"u":86143362569,"pu":86143361959,"b":[["1.6716","0"],["1.6818","1817"],["1.6891","18"],["1.6892","581"],["1.6893","45"]],"a":[["1.6910","100"],["1.6911","0"],["1.6912","193"],["1.6914","45"],["1.6959","2310"],["1.6962","3600"],["1.7021","0"]]}}
1618677485.2556632: {"stream":"linkusd_210625@bookTicker","data":{"u":86143362716,"e":"bookTicker","s":"LINKUSD_210625","ps":"LINKUSD","b":"43.726","B":"95","a":"43.746","A":"50","T":1618677481443,"E":1618677481448}}
1618677485.2556748: {"stream":"btcusd_210924@bookTicker","data":{"u":86143362726,"e":"bookTicker","s":"BTCUSD_210924","ps":"BTCUSD","b":"68616.0","B":"441","a":"68616.1","A":"155","T":1618677481446,"E":1618677481452}}
1618677485.2556858: {"stream":"btcusd_perp@depth@100ms","data":{"e":"depthUpdate","E":1618677481459,"T":1618677481452,"s":"BTCUSD_PERP","ps":"BTCUSD","U":86143362185,"u":86143362770,"pu":86143362181,"b":[["60253.1","100"],["60363.8","0"],["60371.5","1809"],["60372.7","3618"],["60376.3","1809"],["60561.1","0"],["60571.8","100"],["60571.9","0"],["60581.2","0"]],"a":[["60581.1","7973"],["60583.9","30"],["60584.2","100"],["60586.7","0"],["60586.9","55"],["60593.3","0"],["60597.0","99"],["60600.8","0"],["60601.1","0"],["60602.3","0"],["60613.5","243"],["60613.9","0"],["60615.1","0"],["60626.3","731"],["60626.7","0"],["60627.9","2"],["60628.2","243"],["60628.6","0"],["60629.8","634"],["60785.8","1821"],["60790.6","1821"],["60859.3","0"]]}}
1618677485.255701: {"stream":"btcusd_perp@bookTicker","data":{"u":86143362759,"e":"bookTicker","s":"BTCUSD_PERP","ps":"BTCUSD","b":"60581.0","B":"6175","a":"60581.1","A":"7973","T":1618677481451,"E":1618677481456}}
1618677485.255713: {"stream":"linkusd_210625@bookTicker","data":{"u":86143362771,"e":"bookTicker","s":"LINKUSD_210625","ps":"LINKUSD","b":"43.726","B":"195","a":"43.746","A":"50","T":1618677481452,"E":1618677481456}}
1618677485.255724: {"stream":"linkusd_210625@bookTicker","data":{"u":86143362772,"e":"bookTicker","s":"LINKUSD_210625","ps":"LINKUSD","b":"43.728","B":"100","a":"43.746","A":"50","T":1618677481452,"E":1618677481456}}
1618677485.255736: {"stream":"egldusd_perp@depth@100ms","data":{"e":"depthUpdate","E":1618677481458,"T":1618677481421,"s":"EGLDUSD_PERP","ps":"EGLDUSD","U":86143362177,"u":86143362563,"pu":86143359147,"b":[],"a":[["216.171","0"],["216.218","0"],["216.252","97"],["216.309","29"],["216.347","104"],["216.348","463"],["216.349","0"],["216.350","0"],["216.486","15"],["216.505","503"]]}}
1618677485.255799: {"stream":"linkusd_210625@bookTicker","data":{"u":86143362813,"e":"bookTicker","s":"LINKUSD_210625","ps":"LINKUSD","b":"43.728","B":"100","a":"43.744","A":"32","T":1618677481460,"E":1618677481465}}
1618677485.2558122: {"stream":"linkusd_210924@depth@100ms","data":{"e":"depthUpdate","E":1618677481466,"T":1618677481443,"s":"LINKUSD_210924","ps":"LINKUSD","U":86143362228,"u":86143362712,"pu":86143361513,"b":[["45.209","187"]],"a":[["45.394","0"],["45.505","0"]]}}
1618677485.2558222: {"stream":"dotusd_210625@bookTicker","data":{"u":86143362830,"e":"bookTicker","s":"DOTUSD_210625","ps":"DOTUSD","b":"46.732","B":"540","a":"46.757","A":"200","T":1618677481463,"E":1618677481466}}
1618677485.255834: {"stream":"linkusd_210625@bookTicker","data":{"u":86143362838,"e":"bookTicker","s":"LINKUSD_210625","ps":"LINKUSD","b":"43.729","B":"29","a":"43.744","A":"32","T":1618677481464,"E":1618677481467}}
1618677485.2558458: {"stream":"egldusd_perp@bookTicker","data":{"u":86143362851,"e":"bookTicker","s":"EGLDUSD_PERP","ps":"EGLDUSD","b":"216.105","B":"170","a":"216.200","A":"113","T":1618677481466,"E":1618677481469}}
1618677485.255858: {"stream":"linkusd_210625@bookTicker","data":{"u":86143362875,"e":"bookTicker","s":"LINKUSD_210625","ps":"LINKUSD","b":"43.729","B":"48","a":"43.744","A":"32","T":1618677481469,"E":1618677481474}}
1618677485.2558699: {"stream":"btcusd_perp@bookTicker","data":{"u":86143362906,"e":"bookTicker","s":"BTCUSD_PERP","ps":"BTCUSD","b":"60581.0","B":"6175","a":"60581.1","A":"8003","T":1618677481474,"E":1618677481478}}
1618677485.255882: {"stream":"btcusd_perp@bookTicker","data":{"u":86143362910,"e":"bookTicker","s":"BTCUSD_PERP","ps":"BTCUSD","b":"60581.0","B":"6095","a":"60581.1","A":"8003","T":1618677481476,"E":1618677481479}}
1618677485.255894: {"stream":"btcusd_210924@bookTicker","data":{"u":86143362933,"e":"bookTicker","s":"BTCUSD_210924","ps":"BTCUSD","b":"68616.0","B":"441","a":"68616.1","A":"90","T":1618677481478,"E":1618677481482}}
1618677485.255905: {"stream":"linkusd_210625@bookTicker","data":{"u":86143362937,"e":"bookTicker","s":"LINKUSD_210625","ps":"LINKUSD","b":"43.729","B":"48","a":"43.751","A":"20","T":1618677481479,"E":1618677481482}}
1618677485.255916: {"stream":"btcusd_perp@bookTicker","data":{"u":86143362968,"e":"bookTicker","s":"BTCUSD_PERP","ps":"BTCUSD","b":"60581.0","B":"6015","a":"60581.1","A":"8003","T":1618677481483,"E":1618677481487}}
1618677485.255928: {"stream":"btcusd_210924@depth@100ms","data":{"e":"depthUpdate","E":1618677481491,"T":1618677481478,"s":"BTCUSD_210924","ps":"BTCUSD","U":86143362356,"u":86143362933,"pu":86143361817,"b":[["68578.6","0"],["68592.1","716"]],"a":[["68616.1","90"]]}}
1618677485.255937: {"stream":"ethusd_210625@depth@100ms","data":{"e":"depthUpdate","E":1618677481496,"T":1618677481485,"s":"ETHUSD_210625","ps":"ETHUSD","U":86143362380,"u":86143362972,"pu":86143362270,"b":[["2504.52","2601"],["2505.47","0"],["2505.86","391"],["2506.07","25392"],["2508.66","182"],["2508.71","0"],["2508.81","299"],["2508.82","0"],["2509.10","1312"]],"a":[["2509.09","0"],["2509.11","7054"],["2509.25","1023"],["2509.30","1173"],["2509.56","0"],["2509.64","0"],["2510.65","1474"],["2512.15","2601"],["2513.02","0"],["2514.72","1000"]]}}
1618677485.255949: {"stream":"egldusd_perp@bookTicker","data":{"u":86143363029,"e":"bookTicker","s":"EGLDUSD_PERP","ps":"EGLDUSD","b":"216.105","B":"170","a":"216.190","A":"170","T":1618677481493,"E":1618677481497}}
1618677485.2559612: {"stream":"btcusd_perp@bookTicker","data":{"u":86143363048,"e":"bookTicker","s":"BTCUSD_PERP","ps":"BTCUSD","b":"60581.0","B":"6015","a":"60581.1","A":"8002","T":1618677481497,"E":1618677481500}}
1618677485.255973: {"stream":"linkusd_210625@depth@100ms","data":{"e":"depthUpdate","E":1618677481502,"T":1618677481479,"s":"LINKUSD_210625","ps":"LINKUSD","U":86143362424,"u":86143362937,"pu":86143361794,"b":[["43.584","24"],["43.600","0"],["43.716","0"],["43.717","0"],["43.718","0"],["43.719","0"],["43.723","414"],["43.724","86"],["43.726","107"],["43.727","22"],["43.728","100"],["43.729","48"]],"a":[["43.744","0"],["43.746","0"],["43.747","0"],["43.750","0"],["43.756","0"],["43.758","1"],["43.760","0"],["43.762","0"],["43.764","100"],["43.766","202"],["43.768","100"],["43.784","24"],["43.792","411"],["43.849","0"]]}}
1618677485.255986: {"stream":"bchusd_210625@depth@100ms","data":{"e":"depthUpdate","E":1618677481508,"T":1618677481498,"s":"BCHUSD_210625","ps":"BCHUSD","U":86143362474,"u":86143363056,"pu":86143362421,"b":[["1119.74","353"],["1119.94","190"],["1124.54","141"],["1124.82","250"],["1127.37","0"],["1127.39","35"]],"a":[["1128.63","101"],["1131.48","100"],["1131.95","0"]]}}
1618677485.256038: {"stream":"ethusd_210924@depth@100ms","data":{"e":"depthUpdate","E":1618677481510,"T":1618677481468,"s":"ETHUSD_210924","ps":"ETHUSD","U":86143362479,"u":86143362864,"pu":86143361879,"b":[["2676.55","0"],["2686.79","0"],["2687.38","660"],["2687.50","65"]],"a":[["2695.24","6768"],["2695.59","0"]]}}
1618677485.256049: {"stream":"ethusd_210924@bookTicker","data":{"u":86143363155,"e":"bookTicker","s":"ETHUSD_210924","ps":"ETHUSD","b":"2687.83","B":"416","a":"2687.84","A":"50","T":1618677481514,"E":1618677481517}}
1618677485.256062: {"stream":"dotusd_210625@depth@100ms","data":{"e":"depthUpdate","E":1618677481520,"T":1618677481491,"s":"DOTUSD_210625","ps":"DOTUSD","U":86143362555,"u":86143363017,"pu":86143362277,"b":[["46.517","1386"],["46.549","0"],["46.673","5"],["46.733","0"]],"a":[["46.757","200"],["46.762","0"],["46.941","303"],["47.170","0"]]}}
1618677485.256072: {"stream":"dotusd_210625@bookTicker","data":{"u":86143363217,"e":"bookTicker","s":"DOTUSD_210625","ps":"DOTUSD","b":"46.732","B":"540","a":"46.758","A":"540","T":1618677481523,"E":1618677481528}}
1618677485.256083: {"stream":"btcusd_perp@bookTicker","data":{"u":86143363215,"e":"bookTicker","s":"BTCUSD_PERP","ps":"BTCUSD","b":"60581.0","B":"6015","a":"60581.1","A":"8003","T":1618677481523,"E":1618677481528}}
1618677485.256095: {"stream":"ethusd_210625@bookTicker","data":{"u":86143363328,"e":"bookTicker","s":"ETHUSD_210625","ps":"ETHUSD","b":"2509.10","B":"1312","a":"2509.11","A":"7175","T":1618677481541,"E":1618677481545}}
