wss://stream.binance.com:9443/stream?streams=ftmusdt@bookTicker/sxpbtc@bookTicker/badgerbtc@bookTicker/xmrbtc@bookTicker/ftmusdt@kline_1m/sxpbtc@kline_1m/badgerbtc@kline_1m/xmrbtc@kline_1m/ftmusdt@depth@100ms/sxpbtc@depth@100ms/badgerbtc@depth@100ms/xmrbtc@depth@100ms/ftmusdt@aggTrade/sxpbtc@aggTrade/badgerbtc@aggTrade/xmrbtc@aggTrade <-> 1628952394.891941
1628952395.799805: {"stream":"xmrbtc@depth@100ms","data":{"e":"depthUpdate","E":1628952395768,"s":"XMRBTC","U":717720856,"u":717720857,"b":[],"a":[["0.00578700","31.23100000"],["0.00578800","26.04900000"]]}}
1628952396.261184: {"stream":"ftmusdt@depth@100ms","data":{"e":"depthUpdate","E":1628952395768,"s":"FTMUSDT","U":800360963,"u":800360968,"b":[["0.33988000","1500.00000000"],["0.33984000","4625.80000000"],["0.33983000","0.00000000"],["0.33974000","0.00000000"]],"a":[["0.34008000","0.00000000"],["0.34034000","2746.10000000"]]}}
1628952396.757421: {"stream":"sxpbtc@depth@100ms","data":{"e":"depthUpdate","E":1628952395868,"s":"SXPBTC","U":679669292,"u":679669292,"b":[["0.00007465","152.00000000"]],"a":[]}}
1628952397.523573: {"stream":"ftmusdt@depth@100ms","data":{"e":"depthUpdate","E":1628952395868,"s":"FTMUSDT","U":800360969,"u":800360970,"b":[],"a":[["0.34033000","8066.00000000"],["0.34035000","0.00000000"]]}}
1628952397.523596: {"stream":"ftmusdt@depth@100ms","data":{"e":"depthUpdate","E":1628952395968,"s":"FTMUSDT","U":800360971,"u":800360977,"b":[["0.33986000","2704.00000000"],["0.33984000","0.00000000"],["0.33974000","4625.20000000"],["0.33973000","0.00000000"],["0.33968000","373.30000000"]],"a":[["0.34032000","2746.10000000"],["0.34034000","0.00000000"]]}}
1628952397.52361: {"stream":"ftmusdt@depth@100ms","data":{"e":"depthUpdate","E":1628952396068,"s":"FTMUSDT","U":800360978,"u":800360979,"b":[],"a":[["0.34031000","8066.00000000"],["0.34033000","0.00000000"]]}}
1628952397.5236201: {"stream":"ftmusdt@bookTicker","data":{"u":800360982,"s":"FTMUSDT","b":"0.33989000","B":"1565.60000000","a":"0.34012000","A":"703.00000000"}}
1628952397.523639: {"stream":"ftmusdt@bookTicker","data":{"u":800360984,"s":"FTMUSDT","b":"0.33993000","B":"1500.00000000","a":"0.34012000","A":"703.00000000"}}
1628952397.5236511: {"stream":"ftmusdt@depth@100ms","data":{"e":"depthUpdate","E":1628952396168,"s":"FTMUSDT","U":800360980,"u":800360987,"b":[["0.33993000","1500.00000000"],["0.33989000","1565.60000000"],["0.33988000","0.00000000"]],"a":[["0.34025000","2746.10000000"],["0.34026000","1565.60000000"],["0.34030000","0.00000000"],["0.34032000","0.00000000"]]}}
1628952397.523662: {"stream":"ftmusdt@bookTicker","data":{"u":800360991,"s":"FTMUSDT","b":"0.33993000","B":"1500.00000000","a":"0.34011000","A":"2746.10000000"}}
1628952397.523672: {"stream":"badgerbtc@depth@100ms","data":{"e":"depthUpdate","E":1628952396268,"s":"BADGERBTC","U":49759187,"u":49759187,"b":[["0.00056860","2.98000000"]],"a":[]}}
1628952397.7057412: {"stream":"ftmusdt@depth@100ms","data":{"e":"depthUpdate","E":1628952396268,"s":"FTMUSDT","U":800360988,"u":800360993,"b":[["0.33809000","1135.50000000"],["0.33767000","0.00000000"]],"a":[["0.34011000","2746.10000000"],["0.34024000","7309.20000000"],["0.34025000","0.00000000"],["0.34031000","0.00000000"]]}}
1628952397.705765: {"stream":"xmrbtc@depth@100ms","data":{"e":"depthUpdate","E":1628952396268,"s":"XMRBTC","U":717720858,"u":717720861,"b":[["0.00577000","12.99500000"],["0.00576700","2.60600000"],["0.00576600","20.47900000"]],"a":[["0.00578500","0.69700000"]]}}
1628952397.7058098: {"stream":"sxpbtc@depth@100ms","data":{"e":"depthUpdate","E":1628952396268,"s":"SXPBTC","U":679669293,"u":679669293,"b":[["0.00007469","3.00000000"]],"a":[]}}
1628952397.705822: {"stream":"xmrbtc@bookTicker","data":{"u":717720862,"s":"XMRBTC","b":"0.00577300","B":"48.02400000","a":"0.00577900","A":"3.10000000"}}
1628952397.705837: {"stream":"ftmusdt@depth@100ms","data":{"e":"depthUpdate","E":1628952396368,"s":"FTMUSDT","U":800360994,"u":800360994,"b":[["0.33789000","7253.30000000"]],"a":[]}}
1628952397.705853: {"stream":"xmrbtc@depth@100ms","data":{"e":"depthUpdate","E":1628952396368,"s":"XMRBTC","U":717720862,"u":717720862,"b":[["0.00577300","48.02400000"]],"a":[]}}
1628952397.705873: {"stream":"sxpbtc@depth@100ms","data":{"e":"depthUpdate","E":1628952396368,"s":"SXPBTC","U":679669294,"u":679669295,"b":[],"a":[["0.00007493","474.00000000"],["0.00007504","191.00000000"]]}}
1628952397.7058828: {"stream":"sxpbtc@depth@100ms","data":{"e":"depthUpdate","E":1628952396468,"s":"SXPBTC","U":679669296,"u":679669297,"b":[["0.00007469","3.00000000"]],"a":[]}}
1628952397.7058911: {"stream":"ftmusdt@bookTicker","data":{"u":800360997,"s":"FTMUSDT","b":"0.33993000","B":"1500.00000000","a":"0.34012000","A":"703.00000000"}}
1628952397.705903: {"stream":"ftmusdt@depth@100ms","data":{"e":"depthUpdate","E":1628952396568,"s":"FTMUSDT","U":800360995,"u":800360999,"b":[["0.33989000","0.00000000"],["0.33884000","6058.90000000"]],"a":[["0.34011000","0.00000000"],["0.34023000","2746.10000000"],["0.34026000","0.00000000"]]}}
1628952397.7059572: {"stream":"xmrbtc@depth@100ms","data":{"e":"depthUpdate","E":1628952396568,"s":"XMRBTC","U":717720863,"u":717720863,"b":[["0.00570400","5.24600000"]],"a":[]}}
1628952397.7059772: {"stream":"ftmusdt@aggTrade","data":{"e":"aggTrade","E":1628952396573,"s":"FTMUSDT","a":31718372,"p":"0.33993000","q":"99.90000000","f":38248910,"l":38248910,"T":1628952396572,"m":true,"M":true}}
1628952397.705995: {"stream":"ftmusdt@bookTicker","data":{"u":800361000,"s":"FTMUSDT","b":"0.33993000","B":"1400.10000000","a":"0.34012000","A":"703.00000000"}}
1628952397.706007: {"stream":"ftmusdt@kline_1m","data":{"e":"kline","E":1628952396573,"s":"FTMUSDT","k":{"t":1628952360000,"T":1628952419999,"s":"FTMUSDT","i":"1m","f":38248833,"L":38248910,"o":"0.34064000","c":"0.33993000","h":"0.34070000","l":"0.33934000","v":"208601.00000000","n":78,"x":false,"q":"70846.76968900","V":"156046.30000000","Q":"52984.16932200","B":"0"}}}
1628952397.706031: {"stream":"xmrbtc@bookTicker","data":{"u":717720864,"s":"XMRBTC","b":"0.00577300","B":"48.02400000","a":"0.00578000","A":"34.41000000"}}
1628952397.706042: {"stream":"ftmusdt@depth@100ms","data":{"e":"depthUpdate","E":1628952396668,"s":"FTMUSDT","U":800361000,"u":800361006,"b":[["0.33993000","1400.10000000"],["0.33987000","4625.20000000"],["0.33974000","0.00000000"],["0.33957000","151.40000000"]],"a":[["0.34024000","0.00000000"]]}}
1628952397.7060869: {"stream":"xmrbtc@depth@100ms","data":{"e":"depthUpdate","E":1628952396668,"s":"XMRBTC","U":717720864,"u":717720864,"b":[],"a":[["0.00577900","0.00000000"]]}}
1628952397.706114: {"stream":"ftmusdt@bookTicker","data":{"u":800361007,"s":"FTMUSDT","b":"0.33994000","B":"1565.60000000","a":"0.34012000","A":"703.00000000"}}
1628952397.706126: {"stream":"ftmusdt@bookTicker","data":{"u":800361010,"s":"FTMUSDT","b":"0.33998000","B":"1500.00000000","a":"0.34012000","A":"703.00000000"}}
1628952397.706136: {"stream":"ftmusdt@depth@100ms","data":{"e":"depthUpdate","E":1628952396768,"s":"FTMUSDT","U":800361007,"u":800361011,"b":[["0.33998000","1500.00000000"],["0.33994000","1565.60000000"],["0.33993000","0.00000000"],["0.33957000","0.00000000"]],"a":[["0.34028000","1565.60000000"]]}}
1628952397.70618: {"stream":"sxpbtc@depth@100ms","data":{"e":"depthUpdate","E":1628952396768,"s":"SXPBTC","U":679669298,"u":679669299,"b":[["0.00007469","0.00000000"]],"a":[["0.00007483","11.00000000"]]}}
1628952397.706191: {"stream":"sxpbtc@depth@100ms","data":{"e":"depthUpdate","E":1628952396868,"s":"SXPBTC","U":679669300,"u":679669300,"b":[],"a":[["0.00007485","1209.00000000"]]}}
1628952397.7062001: {"stream":"ftmusdt@depth@100ms","data":{"e":"depthUpdate","E":1628952396868,"s":"FTMUSDT","U":800361012,"u":800361013,"b":[],"a":[["0.34023000","0.00000000"],["0.34027000","2746.10000000"]]}}
1628952397.706228: {"stream":"xmrbtc@bookTicker","data":{"u":717720865,"s":"XMRBTC","b":"0.00577300","B":"48.02400000","a":"0.00578000","A":"37.51000000"}}
1628952397.70624: {"stream":"xmrbtc@bookTicker","data":{"u":717720866,"s":"XMRBTC","b":"0.00577300","B":"16.19600000","a":"0.00578000","A":"37.51000000"}}
1628952397.70625: {"stream":"ftmusdt@depth@100ms","data":{"e":"depthUpdate","E":1628952396968,"s":"FTMUSDT","U":800361014,"u":800361014,"b":[],"a":[["0.34077000","0.00000000"]]}}
1628952397.706271: {"stream":"xmrbtc@depth@100ms","data":{"e":"depthUpdate","E":1628952396968,"s":"XMRBTC","U":717720865,"u":717720866,"b":[["0.00577300","16.19600000"]],"a":[["0.00578000","37.51000000"]]}}
1628952397.706293: {"stream":"ftmusdt@depth@100ms","data":{"e":"depthUpdate","E":1628952397068,"s":"FTMUSDT","U":800361015,"u":800361015,"b":[],"a":[["0.34064000","15291.80000000"]]}}
1628952397.706314: {"stream":"sxpbtc@bookTicker","data":{"u":679669301,"s":"SXPBTC","b":"0.00007471","B":"301.00000000","a":"0.00007480","A":"39.00000000"}}
1628952397.706326: {"stream":"sxpbtc@depth@100ms","data":{"e":"depthUpdate","E":1628952397268,"s":"SXPBTC","U":679669301,"u":679669301,"b":[["0.00007471","301.00000000"]],"a":[]}}
1628952397.7063391: {"stream":"ftmusdt@depth@100ms","data":{"e":"depthUpdate","E":1628952397269,"s":"FTMUSDT","U":800361016,"u":800361016,"b":[["0.33938000","0.00000000"]],"a":[]}}
1628952397.706364: {"stream":"xmrbtc@depth@100ms","data":{"e":"depthUpdate","E":1628952397368,"s":"XMRBTC","U":717720867,"u":717720867,"b":[["0.00576700","1.30600000"]],"a":[]}}
1628952397.706382: {"stream":"xmrbtc@depth@100ms","data":{"e":"depthUpdate","E":1628952397468,"s":"XMRBTC","U":717720868,"u":717720868,"b":[["0.00576600","21.77900000"]],"a":[]}}
1628952397.706399: {"stream":"badgerbtc@depth@100ms","data":{"e":"depthUpdate","E":1628952397568,"s":"BADGERBTC","U":49759188,"u":49759188,"b":[],"a":[["0.00058630","0.00000000"]]}}
1628952397.706409: {"stream":"badgerbtc@bookTicker","data":{"u":49759189,"s":"BADGERBTC","b":"0.00058350","B":"54.00000000","a":"0.00058640","A":"7.46000000"}}
1628952397.706698: {"stream":"badgerbtc@depth@100ms","data":{"e":"depthUpdate","E":1628952397668,"s":"BADGERBTC","U":49759189,"u":49759189,"b":[],"a":[["0.00058610","0.00000000"]]}}
1628952397.800729: {"stream":"ftmusdt@depth@100ms","data":{"e":"depthUpdate","E":1628952397768,"s":"FTMUSDT","U":800361017,"u":800361017,"b":[],"a":[["0.34028000","0.00000000"]]}}
1628952397.829452: {"stream":"badgerbtc@bookTicker","data":{"u":49759190,"s":"BADGERBTC","b":"0.00058350","B":"54.00000000","a":"0.00058630","A":"43.87000000"}}
1628952397.900379: {"stream":"ftmusdt@depth@100ms","data":{"e":"depthUpdate","E":1628952397869,"s":"FTMUSDT","U":800361018,"u":800361020,"b":[],"a":[["0.34027000","0.00000000"],["0.34035000","2746.10000000"],["0.34052000","151.40000000"]]}}
1628952397.900565: {"stream":"badgerbtc@depth@100ms","data":{"e":"depthUpdate","E":1628952397869,"s":"BADGERBTC","U":49759190,"u":49759190,"b":[],"a":[["0.00058630","43.87000000"]]}}
1628952397.922712: {"stream":"badgerbtc@bookTicker","data":{"u":49759191,"s":"BADGERBTC","b":"0.00058350","B":"54.00000000","a":"0.00058610","A":"7.75000000"}}
1628952397.999885: {"stream":"ftmusdt@depth@100ms","data":{"e":"depthUpdate","E":1628952397968,"s":"FTMUSDT","U":800361021,"u":800361021,"b":[],"a":[["0.34052000","0.00000000"]]}}
1628952397.999976: {"stream":"badgerbtc@depth@100ms","data":{"e":"depthUpdate","E":1628952397969,"s":"BADGERBTC","U":49759191,"u":49759191,"b":[],"a":[["0.00058610","7.75000000"]]}}
1628952398.000024: {"stream":"xmrbtc@depth@100ms","data":{"e":"depthUpdate","E":1628952397969,"s":"XMRBTC","U":717720869,"u":717720869,"b":[["0.00576900","0.00000000"]],"a":[]}}
1628952398.100555: {"stream":"ftmusdt@depth@100ms","data":{"e":"depthUpdate","E":1628952398069,"s":"FTMUSDT","U":800361022,"u":800361023,"b":[["0.33947000","4966.00000000"],["0.33922000","0.00000000"]],"a":[]}}
1628952398.1007218: {"stream":"sxpbtc@depth@100ms","data":{"e":"depthUpdate","E":1628952398069,"s":"SXPBTC","U":679669302,"u":679669303,"b":[],"a":[["0.00007485","18.00000000"]]}}
1628952398.2343009: {"stream":"ftmusdt@depth@100ms","data":{"e":"depthUpdate","E":1628952398169,"s":"FTMUSDT","U":800361024,"u":800361024,"b":[["0.33986000","0.00000000"]],"a":[]}}
1628952398.234446: {"stream":"sxpbtc@depth@100ms","data":{"e":"depthUpdate","E":1628952398169,"s":"SXPBTC","U":679669304,"u":679669306,"b":[["0.00007469","3.00000000"],["0.00007465","0.00000000"]],"a":[["0.00007486","750.00000000"]]}}
1628952398.234559: {"stream":"badgerbtc@depth@100ms","data":{"e":"depthUpdate","E":1628952398169,"s":"BADGERBTC","U":49759192,"u":49759192,"b":[],"a":[["0.00059160","12.60000000"]]}}
1628952398.234596: {"stream":"xmrbtc@depth@100ms","data":{"e":"depthUpdate","E":1628952398169,"s":"XMRBTC","U":717720870,"u":717720870,"b":[["0.00576900","34.62300000"]],"a":[]}}
1628952398.234637: {"stream":"sxpbtc@bookTicker","data":{"u":679669307,"s":"SXPBTC","b":"0.00007472","B":"118.00000000","a":"0.00007480","A":"39.00000000"}}
1628952398.239108: {"stream":"sxpbtc@bookTicker","data":{"u":679669312,"s":"SXPBTC","b":"0.00007473","B":"120.00000000","a":"0.00007480","A":"39.00000000"}}
1628952398.300192: {"stream":"sxpbtc@depth@100ms","data":{"e":"depthUpdate","E":1628952398269,"s":"SXPBTC","U":679669307,"u":679669313,"b":[["0.00007473","120.00000000"],["0.00007472","118.00000000"],["0.00007471","181.00000000"],["0.00007468","0.00000000"]],"a":[["0.00007486","510.00000000"],["0.00007506","119.00000000"],["0.00007511","422.00000000"]]}}
1628952398.4005172: {"stream":"sxpbtc@depth@100ms","data":{"e":"depthUpdate","E":1628952398369,"s":"SXPBTC","U":679669314,"u":679669315,"b":[["0.00007471","0.00000000"]],"a":[["0.00007485","258.00000000"]]}}
1628952398.4006789: {"stream":"badgerbtc@depth@100ms","data":{"e":"depthUpdate","E":1628952398369,"s":"BADGERBTC","U":49759193,"u":49759194,"b":[["0.00058270","0.00000000"],["0.00056870","1.50000000"]],"a":[]}}
1628952398.42721: {"stream":"sxpbtc@bookTicker","data":{"u":679669316,"s":"SXPBTC","b":"0.00007473","B":"120.00000000","a":"0.00007483","A":"11.00000000"}}
1628952398.4272902: {"stream":"sxpbtc@kline_1m","data":{"e":"kline","E":1628952398392,"s":"SXPBTC","k":{"t":1628952360000,"T":1628952419999,"s":"SXPBTC","i":"1m","f":17567400,"L":17567403,"o":"0.00007477","c":"0.00007480","h":"0.00007480","l":"0.00007477","v":"303.00000000","n":4,"x":false,"q":"0.02266170","V":"303.00000000","Q":"0.02266170","B":"0"}}}
1628952398.42736: {"stream":"sxpbtc@aggTrade","data":{"e":"aggTrade","E":1628952398392,"s":"SXPBTC","a":14455210,"p":"0.00007480","q":"39.00000000","f":17567403,"l":17567403,"T":1628952398391,"m":false,"M":true}}
1628952398.499501: {"stream":"sxpbtc@depth@100ms","data":{"e":"depthUpdate","E":1628952398469,"s":"SXPBTC","U":679669316,"u":679669317,"b":[],"a":[["0.00007480","0.00000000"],["0.00007485","378.00000000"]]}}
1628952398.501827: {"stream":"badgerbtc@depth@100ms","data":{"e":"depthUpdate","E":1628952398469,"s":"BADGERBTC","U":49759195,"u":49759195,"b":[["0.00058210","66.56000000"]],"a":[]}}
1628952398.505538: {"stream":"ftmusdt@bookTicker","data":{"u":800361025,"s":"FTMUSDT","b":"0.33998000","B":"1500.00000000","a":"0.34035000","A":"2746.10000000"}}
1628952398.520899: {"stream":"ftmusdt@bookTicker","data":{"u":800361027,"s":"FTMUSDT","b":"0.33999000","B":"1869.90000000","a":"0.34035000","A":"2746.10000000"}}
1628952398.521559: {"stream":"ftmusdt@bookTicker","data":{"u":800361028,"s":"FTMUSDT","b":"0.33999000","B":"1869.90000000","a":"0.34031000","A":"1500.00000000"}}
1628952398.531918: {"stream":"ftmusdt@bookTicker","data":{"u":800361032,"s":"FTMUSDT","b":"0.34002000","B":"1500.00000000","a":"0.34031000","A":"1500.00000000"}}
1628952398.539246: {"stream":"ftmusdt@bookTicker","data":{"u":800361034,"s":"FTMUSDT","b":"0.34002000","B":"1500.00000000","a":"0.34030000","A":"2746.10000000"}}
1628952398.555091: {"stream":"ftmusdt@bookTicker","data":{"u":800361037,"s":"FTMUSDT","b":"0.34002000","B":"1500.00000000","a":"0.34026000","A":"1500.00000000"}}
1628952398.577686: {"stream":"ftmusdt@bookTicker","data":{"u":800361039,"s":"FTMUSDT","b":"0.34002000","B":"1500.00000000","a":"0.34025000","A":"2746.10000000"}}
1628952398.58409: {"stream":"ftmusdt@bookTicker","data":{"u":800361040,"s":"FTMUSDT","b":"0.34002000","B":"1500.00000000","a":"0.34022000","A":"1500.00000000"}}
1628952398.602328: {"stream":"ftmusdt@depth@100ms","data":{"e":"depthUpdate","E":1628952398569,"s":"FTMUSDT","U":800361025,"u":800361042,"b":[["0.34002000","1500.00000000"],["0.33999000","0.00000000"],["0.33998000","0.00000000"],["0.33994000","0.00000000"]],"a":[["0.34012000","0.00000000"],["0.34022000","1500.00000000"],["0.34025000","0.00000000"],["0.34026000","0.00000000"],["0.34030000","0.00000000"],["0.34031000","0.00000000"],["0.34034000","175.10000000"],["0.34035000","0.00000000"],["0.34225000","0.00000000"]]}}
1628952398.604409: {"stream":"ftmusdt@bookTicker","data":{"u":800361043,"s":"FTMUSDT","b":"0.34002000","B":"1500.00000000","a":"0.34021000","A":"2746.10000000"}}
1628952398.615068: {"stream":"ftmusdt@bookTicker","data":{"u":800361049,"s":"FTMUSDT","b":"0.33991000","B":"1500.00000000","a":"0.34021000","A":"2746.10000000"}}
1628952398.6281118: {"stream":"ftmusdt@bookTicker","data":{"u":800361052,"s":"FTMUSDT","b":"0.33991000","B":"1500.00000000","a":"0.34030000","A":"1500.00000000"}}
1628952398.636082: {"stream":"ftmusdt@bookTicker","data":{"u":800361053,"s":"FTMUSDT","b":"0.33992000","B":"4623.30000000","a":"0.34030000","A":"1500.00000000"}}
1628952398.6394129: {"stream":"ftmusdt@bookTicker","data":{"u":800361054,"s":"FTMUSDT","b":"0.33992000","B":"6510.60000000","a":"0.34030000","A":"1500.00000000"}}
1628952398.639494: {"stream":"ftmusdt@bookTicker","data":{"u":800361055,"s":"FTMUSDT","b":"0.33992000","B":"6510.60000000","a":"0.34029000","A":"2746.10000000"}}
1628952398.645694: {"stream":"ftmusdt@bookTicker","data":{"u":800361056,"s":"FTMUSDT","b":"0.33996000","B":"1500.00000000","a":"0.34029000","A":"2746.10000000"}}
1628952398.65744: {"stream":"ftmusdt@bookTicker","data":{"u":800361061,"s":"FTMUSDT","b":"0.33996000","B":"1500.00000000","a":"0.34025000","A":"1500.00000000"}}
1628952398.702453: {"stream":"ftmusdt@depth@100ms","data":{"e":"depthUpdate","E":1628952398669,"s":"FTMUSDT","U":800361043,"u":800361062,"b":[["0.34002000","0.00000000"],["0.33996000","1500.00000000"],["0.33992000","4623.30000000"],["0.33991000","0.00000000"],["0.33987000","0.00000000"],["0.33914000","0.00000000"]],"a":[["0.34021000","0.00000000"],["0.34022000","0.00000000"],["0.34025000","1500.00000000"],["0.34029000","2746.10000000"],["0.34030000","0.00000000"],["0.34064000","0.00000000"],["0.34215000","0.00000000"],["0.34239000","7430.00000000"],["0.34396000","0.00000000"]]}}
1628952398.8018382: {"stream":"ftmusdt@depth@100ms","data":{"e":"depthUpdate","E":1628952398769,"s":"FTMUSDT","U":800361063,"u":800361067,"b":[["0.33945000","21436.80000000"],["0.33705000","102169.70000000"]],"a":[["0.34035000","1979.70000000"],["0.34235000","813.60000000"],["0.34443000","21495.10000000"]]}}
1628952398.900286: {"stream":"ftmusdt@depth@100ms","data":{"e":"depthUpdate","E":1628952398869,"s":"FTMUSDT","U":800361068,"u":800361071,"b":[["0.33992000","0.00000000"],["0.33971000","4623.50000000"]],"a":[["0.34029000","0.00000000"],["0.34034000","2921.20000000"]]}}
1628952398.907728: {"stream":"ftmusdt@bookTicker","data":{"u":800361072,"s":"FTMUSDT","b":"0.33996000","B":"1500.00000000","a":"0.34034000","A":"2921.20000000"}}
1628952398.9109561: {"stream":"ftmusdt@bookTicker","data":{"u":800361073,"s":"FTMUSDT","b":"0.33996000","B":"1500.00000000","a":"0.34030000","A":"1500.00000000"}}
1628952398.915222: {"stream":"ftmusdt@bookTicker","data":{"u":800361074,"s":"FTMUSDT","b":"0.33971000","B":"4623.50000000","a":"0.34030000","A":"1500.00000000"}}
1628952398.9177449: {"stream":"ftmusdt@bookTicker","data":{"u":800361076,"s":"FTMUSDT","b":"0.33997000","B":"1940.40000000","a":"0.34030000","A":"1500.00000000"}}
1628952398.924948: {"stream":"ftmusdt@bookTicker","data":{"u":800361080,"s":"FTMUSDT","b":"0.33997000","B":"1940.40000000","a":"0.34029000","A":"2746.10000000"}}
1628952398.925028: {"stream":"ftmusdt@bookTicker","data":{"u":800361081,"s":"FTMUSDT","b":"0.34000000","B":"1500.00000000","a":"0.34029000","A":"2746.10000000"}}
1628952399.001908: {"stream":"xmrbtc@depth@100ms","data":{"e":"depthUpdate","E":1628952398969,"s":"XMRBTC","U":717720871,"u":717720872,"b":[["0.00577000","4.00000000"]],"a":[["0.00578400","12.91800000"]]}}
1628952399.002048: {"stream":"ftmusdt@depth@100ms","data":{"e":"depthUpdate","E":1628952398969,"s":"FTMUSDT","U":800361072,"u":800361084,"b":[["0.34000000","1500.00000000"],["0.33997000","0.00000000"],["0.33996000","0.00000000"],["0.33989000","6560.00000000"],["0.33975000","0.00000000"],["0.33972000","3091.60000000"]],"a":[["0.34025000","0.00000000"],["0.34029000","2746.10000000"],["0.34030000","1500.00000000"],["0.34034000","175.10000000"]]}}
1628952399.012437: {"stream":"ftmusdt@bookTicker","data":{"u":800361087,"s":"FTMUSDT","b":"0.33989000","B":"6560.00000000","a":"0.34029000","A":"2746.10000000"}}
1628952399.018807: {"stream":"ftmusdt@bookTicker","data":{"u":800361088,"s":"FTMUSDT","b":"0.33990000","B":"1885.80000000","a":"0.34029000","A":"2746.10000000"}}
1628952399.022784: {"stream":"ftmusdt@bookTicker","data":{"u":800361090,"s":"FTMUSDT","b":"0.33990000","B":"6508.70000000","a":"0.34029000","A":"2746.10000000"}}
1628952399.096871: {"stream":"ftmusdt@bookTicker","data":{"u":800361093,"s":"FTMUSDT","b":"0.33990000","B":"6508.70000000","a":"0.34030000","A":"1500.00000000"}}
1628952399.101614: {"stream":"ftmusdt@depth@100ms","data":{"e":"depthUpdate","E":1628952399069,"s":"FTMUSDT","U":800361085,"u":800361093,"b":[["0.34000000","0.00000000"],["0.33990000","6508.70000000"],["0.33972000","0.00000000"],["0.33971000","0.00000000"],["0.33904000","0.00000000"]],"a":[["0.34029000","0.00000000"],["0.34061000","0.00000000"]]}}
1628952399.101857: {"stream":"badgerbtc@depth@100ms","data":{"e":"depthUpdate","E":1628952399069,"s":"BADGERBTC","U":49759196,"u":49759196,"b":[],"a":[["0.00059140","235.08000000"]]}}
1628952399.202421: {"stream":"ftmusdt@depth@100ms","data":{"e":"depthUpdate","E":1628952399169,"s":"FTMUSDT","U":800361094,"u":800361097,"b":[["0.33567000","0.00000000"]],"a":[["0.34034000","2921.20000000"],["0.34075000","13659.20000000"],["0.34081000","21437.10000000"]]}}
1628952399.2026198: {"stream":"xmrbtc@depth@100ms","data":{"e":"depthUpdate","E":1628952399169,"s":"XMRBTC","U":717720873,"u":717720873,"b":[],"a":[["0.00578600","29.04700000"]]}}
1628952399.251219: {"stream":"ftmusdt@bookTicker","data":{"u":800361100,"s":"FTMUSDT","b":"0.33990000","B":"6508.70000000","a":"0.34029000","A":"2746.10000000"}}
1628952399.301033: {"stream":"ftmusdt@depth@100ms","data":{"e":"depthUpdate","E":1628952399269,"s":"FTMUSDT","U":800361098,"u":800361102,"b":[["0.33940000","13068.40000000"]],"a":[["0.34029000","2746.10000000"],["0.34034000","175.10000000"],["0.34035000","0.00000000"],["0.34103000","0.00000000"]]}}
1628952399.384332: {"stream":"ftmusdt@bookTicker","data":{"u":800361104,"s":"FTMUSDT","b":"0.33990000","B":"1885.80000000","a":"0.34029000","A":"2746.10000000"}}
1628952399.389395: {"stream":"ftmusdt@bookTicker","data":{"u":800361105,"s":"FTMUSDT","b":"0.33990000","B":"6508.70000000","a":"0.34029000","A":"2746.10000000"}}
1628952399.400515: {"stream":"ftmusdt@depth@100ms","data":{"e":"depthUpdate","E":1628952399369,"s":"FTMUSDT","U":800361103,"u":800361105,"b":[["0.33990000","6508.70000000"]],"a":[["0.34035000","1979.70000000"]]}}
1628952399.400678: {"stream":"sxpbtc@depth@100ms","data":{"e":"depthUpdate","E":1628952399369,"s":"SXPBTC","U":679669318,"u":679669318,"b":[["0.00007418","0.00000000"]],"a":[]}}
1628952399.4629052: {"stream":"ftmusdt@bookTicker","data":{"u":800361107,"s":"FTMUSDT","b":"0.33990000","B":"1885.80000000","a":"0.34029000","A":"2746.10000000"}}
1628952399.493149: {"stream":"ftmusdt@bookTicker","data":{"u":800361108,"s":"FTMUSDT","b":"0.33990000","B":"6508.70000000","a":"0.34029000","A":"2746.10000000"}}
1628952399.502236: {"stream":"badgerbtc@depth@100ms","data":{"e":"depthUpdate","E":1628952399469,"s":"BADGERBTC","U":49759197,"u":49759198,"b":[["0.00058260","36.00000000"],["0.00058210","30.56000000"]],"a":[]}}
1628952399.502391: {"stream":"ftmusdt@depth@100ms","data":{"e":"depthUpdate","E":1628952399470,"s":"FTMUSDT","U":800361106,"u":800361108,"b":[["0.33990000","6508.70000000"],["0.28424000","0.00000000"]],"a":[]}}
1628952399.545404: {"stream":"ftmusdt@bookTicker","data":{"u":800361111,"s":"FTMUSDT","b":"0.33990000","B":"6508.70000000","a":"0.34025000","A":"1500.00000000"}}
1628952399.550764: {"stream":"ftmusdt@bookTicker","data":{"u":800361112,"s":"FTMUSDT","b":"0.33994000","B":"1500.00000000","a":"0.34025000","A":"1500.00000000"}}
1628952399.566751: {"stream":"ftmusdt@bookTicker","data":{"u":800361116,"s":"FTMUSDT","b":"0.33994000","B":"1500.00000000","a":"0.34024000","A":"2746.10000000"}}
1628952399.603143: {"stream":"ftmusdt@depth@100ms","data":{"e":"depthUpdate","E":1628952399570,"s":"FTMUSDT","U":800361109,"u":800361117,"b":[["0.33994000","1500.00000000"],["0.33990000","0.00000000"]],"a":[["0.34024000","2746.10000000"],["0.34025000","1500.00000000"],["0.34029000","0.00000000"],["0.34030000","0.00000000"],["0.34034000","0.00000000"],["0.34063000","464.50000000"]]}}
1628952399.6032908: {"stream":"ftmusdt@bookTicker","data":{"u":800361118,"s":"FTMUSDT","b":"0.33995000","B":"4623.50000000","a":"0.34024000","A":"2746.10000000"}}
1628952399.6661062: {"stream":"ftmusdt@bookTicker","data":{"u":800361122,"s":"FTMUSDT","b":"0.33999000","B":"1500.00000000","a":"0.34024000","A":"2746.10000000"}}
1628952399.6842492: {"stream":"ftmusdt@bookTicker","data":{"u":800361124,"s":"FTMUSDT","b":"0.33999000","B":"1500.00000000","a":"0.34030000","A":"1565.60000000"}}
1628952399.693852: {"stream":"ftmusdt@bookTicker","data":{"u":800361125,"s":"FTMUSDT","b":"0.33999000","B":"1500.00000000","a":"0.34029000","A":"2746.10000000"}}
1628952399.701733: {"stream":"ftmusdt@depth@100ms","data":{"e":"depthUpdate","E":1628952399670,"s":"FTMUSDT","U":800361118,"u":800361125,"b":[["0.33999000","1500.00000000"],["0.33995000","4623.50000000"],["0.33994000","0.00000000"]],"a":[["0.34024000","0.00000000"],["0.34025000","0.00000000"],["0.34029000","2746.10000000"],["0.34030000","1565.60000000"],["0.34133000","12574.20000000"]]}}
1628952399.701988: {"stream":"ftmusdt@bookTicker","data":{"u":800361126,"s":"FTMUSDT","b":"0.33999000","B":"1500.00000000","a":"0.34028000","A":"1500.00000000"}}
1628952399.719462: {"stream":"ftmusdt@bookTicker","data":{"u":800361129,"s":"FTMUSDT","b":"0.33999000","B":"1500.00000000","a":"0.34027000","A":"2746.10000000"}}
1628952399.7338371: {"stream":"ftmusdt@bookTicker","data":{"u":800361131,"s":"FTMUSDT","b":"0.33999000","B":"1500.00000000","a":"0.34026000","A":"1500.00000000"}}
1628952399.80145: {"stream":"xmrbtc@depth@100ms","data":{"e":"depthUpdate","E":1628952399770,"s":"XMRBTC","U":717720874,"u":717720874,"b":[["0.00576900","0.00000000"]],"a":[]}}
1628952399.801905: {"stream":"ftmusdt@depth@100ms","data":{"e":"depthUpdate","E":1628952399770,"s":"FTMUSDT","U":800361126,"u":800361133,"b":[["0.33995000","0.00000000"],["0.33990000","0.00000000"]],"a":[["0.34026000","1500.00000000"],["0.34027000","2746.10000000"],["0.34028000","0.00000000"],["0.34029000","0.00000000"]]}}
1628952399.814235: {"stream":"ftmusdt@bookTicker","data":{"u":800361134,"s":"FTMUSDT","b":"0.33989000","B":"6560.00000000","a":"0.34026000","A":"1500.00000000"}}
1628952399.823952: {"stream":"ftmusdt@bookTicker","data":{"u":800361136,"s":"FTMUSDT","b":"0.33990000","B":"1926.20000000","a":"0.34026000","A":"1500.00000000"}}
1628952399.826808: {"stream":"ftmusdt@bookTicker","data":{"u":800361138,"s":"FTMUSDT","b":"0.33990000","B":"1926.20000000","a":"0.34025000","A":"2746.10000000"}}
1628952399.9019961: {"stream":"ftmusdt@depth@100ms","data":{"e":"depthUpdate","E":1628952399870,"s":"FTMUSDT","U":800361134,"u":800361138,"b":[["0.33999000","0.00000000"],["0.33990000","1926.20000000"],["0.33971000","4623.30000000"]],"a":[["0.34025000","2746.10000000"],["0.34027000","0.00000000"]]}}
1628952399.90225: {"stream":"sxpbtc@depth@100ms","data":{"e":"depthUpdate","E":1628952399870,"s":"SXPBTC","U":679669319,"u":679669319,"b":[],"a":[["0.00007485","138.00000000"]]}}
1628952399.902296: {"stream":"badgerbtc@depth@100ms","data":{"e":"depthUpdate","E":1628952399870,"s":"BADGERBTC","U":49759199,"u":49759199,"b":[],"a":[["0.00058630","0.00000000"]]}}
1628952399.915447: {"stream":"badgerbtc@bookTicker","data":{"u":49759200,"s":"BADGERBTC","b":"0.00058350","B":"54.00000000","a":"0.00058640","A":"7.46000000"}}
1628952399.9160151: {"stream":"ftmusdt@bookTicker","data":{"u":800361139,"s":"FTMUSDT","b":"0.33990000","B":"1926.20000000","a":"0.34024000","A":"175.10000000"}}
1628952399.938947: {"stream":"ftmusdt@bookTicker","data":{"u":800361142,"s":"FTMUSDT","b":"0.33990000","B":"1926.20000000","a":"0.34023000","A":"2746.10000000"}}
1628952399.946701: {"stream":"ftmusdt@bookTicker","data":{"u":800361143,"s":"FTMUSDT","b":"0.33971000","B":"4623.30000000","a":"0.34023000","A":"2746.10000000"}}
1628952399.955209: {"stream":"ftmusdt@bookTicker","data":{"u":800361144,"s":"FTMUSDT","b":"0.33972000","B":"1887.40000000","a":"0.34023000","A":"2746.10000000"}}
1628952399.97375: {"stream":"ftmusdt@bookTicker","data":{"u":800361146,"s":"FTMUSDT","b":"0.33973000","B":"4623.50000000","a":"0.34023000","A":"2746.10000000"}}
1628952400.001336: {"stream":"xmrbtc@depth@100ms","data":{"e":"depthUpdate","E":1628952399970,"s":"XMRBTC","U":717720875,"u":717720875,"b":[],"a":[["0.00578600","21.32200000"]]}}
1628952400.001476: {"stream":"badgerbtc@depth@100ms","data":{"e":"depthUpdate","E":1628952399970,"s":"BADGERBTC","U":49759200,"u":49759200,"b":[],"a":[["0.00058610","0.00000000"]]}}
1628952400.0018728: {"stream":"ftmusdt@depth@100ms","data":{"e":"depthUpdate","E":1628952399970,"s":"FTMUSDT","U":800361139,"u":800361147,"b":[["0.33990000","0.00000000"],["0.33989000","0.00000000"],["0.33973000","4623.50000000"],["0.33972000","1887.40000000"],["0.33971000","0.00000000"],["0.33661000","955.50000000"]],"a":[["0.34023000","2746.10000000"],["0.34024000","175.10000000"],["0.34025000","0.00000000"]]}}
1628952400.0170372: {"stream":"ftmusdt@bookTicker","data":{"u":800361149,"s":"FTMUSDT","b":"0.33973000","B":"4623.50000000","a":"0.34022000","A":"151.40000000"}}
1628952400.06923: {"stream":"ftmusdt@bookTicker","data":{"u":800361150,"s":"FTMUSDT","b":"0.33974000","B":"2704.00000000","a":"0.34022000","A":"151.40000000"}}
1628952400.0884311: {"stream":"ftmusdt@bookTicker","data":{"u":800361153,"s":"FTMUSDT","b":"0.33975000","B":"4623.80000000","a":"0.34022000","A":"151.40000000"}}
1628952400.101608: {"stream":"ftmusdt@depth@100ms","data":{"e":"depthUpdate","E":1628952400070,"s":"FTMUSDT","U":800361148,"u":800361154,"b":[["0.33975000","4623.80000000"],["0.33974000","2704.00000000"],["0.33973000","0.00000000"],["0.33972000","0.00000000"],["0.33945000","0.00000000"]],"a":[["0.34022000","151.40000000"],["0.34030000","0.00000000"]]}}
1628952400.115307: {"stream":"ftmusdt@bookTicker","data":{"u":800361156,"s":"FTMUSDT","b":"0.33976000","B":"1936.80000000","a":"0.34022000","A":"151.40000000"}}
1628952400.125985: {"stream":"sxpbtc@bookTicker","data":{"u":679669320,"s":"SXPBTC","b":"0.00007473","B":"301.00000000","a":"0.00007483","A":"11.00000000"}}
1628952400.136754: {"stream":"ftmusdt@bookTicker","data":{"u":800361158,"s":"FTMUSDT","b":"0.33977000","B":"4623.90000000","a":"0.34022000","A":"151.40000000"}}
1628952400.202199: {"stream":"sxpbtc@depth@100ms","data":{"e":"depthUpdate","E":1628952400170,"s":"SXPBTC","U":679669320,"u":679669320,"b":[["0.00007473","301.00000000"]],"a":[]}}
1628952400.2023292: {"stream":"ftmusdt@depth@100ms","data":{"e":"depthUpdate","E":1628952400170,"s":"FTMUSDT","U":800361155,"u":800361158,"b":[["0.33977000","4623.90000000"],["0.33976000","1936.80000000"],["0.33975000","0.00000000"],["0.33924000","17919.20000000"]],"a":[]}}
1628952400.2150002: {"stream":"badgerbtc@bookTicker","data":{"u":49759201,"s":"BADGERBTC","b":"0.00058350","B":"54.00000000","a":"0.00058630","A":"43.87000000"}}
1628952400.232029: {"stream":"xmrbtc@bookTicker","data":{"u":717720876,"s":"XMRBTC","b":"0.00577300","B":"48.01900000","a":"0.00578000","A":"37.51000000"}}
1628952400.27398: {"stream":"ftmusdt@bookTicker","data":{"u":800361159,"s":"FTMUSDT","b":"0.33977000","B":"4623.90000000","a":"0.34021000","A":"1565.60000000"}}
1628952400.2883: {"stream":"ftmusdt@bookTicker","data":{"u":800361161,"s":"FTMUSDT","b":"0.33977000","B":"4623.90000000","a":"0.34020000","A":"2746.10000000"}}
1628952400.3034508: {"stream":"ftmusdt@depth@100ms","data":{"e":"depthUpdate","E":1628952400270,"s":"FTMUSDT","U":800361159,"u":800361161,"b":[],"a":[["0.34020000","2746.10000000"],["0.34021000","1565.60000000"],["0.34023000","0.00000000"]]}}
1628952400.303641: {"stream":"sxpbtc@depth@100ms","data":{"e":"depthUpdate","E":1628952400270,"s":"SXPBTC","U":679669321,"u":679669321,"b":[["0.00007460","160.00000000"]],"a":[]}}
1628952400.3037162: {"stream":"xmrbtc@depth@100ms","data":{"e":"depthUpdate","E":1628952400270,"s":"XMRBTC","U":717720876,"u":717720878,"b":[["0.00577300","48.01900000"]],"a":[["0.00578700","32.17400000"],["0.00578800","25.10600000"]]}}
1628952400.303788: {"stream":"badgerbtc@depth@100ms","data":{"e":"depthUpdate","E":1628952400270,"s":"BADGERBTC","U":49759201,"u":49759202,"b":[["0.00058230","0.53000000"]],"a":[["0.00058630","43.87000000"]]}}
1628952400.3161018: {"stream":"badgerbtc@bookTicker","data":{"u":49759203,"s":"BADGERBTC","b":"0.00058350","B":"54.00000000","a":"0.00058610","A":"7.45000000"}}
1628952400.4024792: {"stream":"ftmusdt@depth@100ms","data":{"e":"depthUpdate","E":1628952400370,"s":"FTMUSDT","U":800361162,"u":800361162,"b":[],"a":[["0.34022000","0.00000000"]]}}
1628952400.4026282: {"stream":"badgerbtc@depth@100ms","data":{"e":"depthUpdate","E":1628952400370,"s":"BADGERBTC","U":49759203,"u":49759203,"b":[],"a":[["0.00058610","7.45000000"]]}}
1628952400.402718: {"stream":"sxpbtc@depth@100ms","data":{"e":"depthUpdate","E":1628952400370,"s":"SXPBTC","U":679669322,"u":679669322,"b":[],"a":[["0.00007487","727.00000000"]]}}
1628952400.402755: {"stream":"xmrbtc@depth@100ms","data":{"e":"depthUpdate","E":1628952400370,"s":"XMRBTC","U":717720879,"u":717720879,"b":[],"a":[["0.00578400","3.86600000"]]}}
1628952400.502491: {"stream":"xmrbtc@depth@100ms","data":{"e":"depthUpdate","E":1628952400470,"s":"XMRBTC","U":717720880,"u":717720880,"b":[],"a":[["0.00578100","46.18600000"]]}}
1628952400.502618: {"stream":"sxpbtc@depth@100ms","data":{"e":"depthUpdate","E":1628952400470,"s":"SXPBTC","U":679669323,"u":679669323,"b":[],"a":[["0.00007487","487.00000000"]]}}
1628952400.603117: {"stream":"xmrbtc@depth@100ms","data":{"e":"depthUpdate","E":1628952400570,"s":"XMRBTC","U":717720881,"u":717720881,"b":[],"a":[["0.00578100","11.55100000"]]}}
1628952400.763504: {"stream":"xmrbtc@bookTicker","data":{"u":717720882,"s":"XMRBTC","b":"0.00577300","B":"16.19600000","a":"0.00578000","A":"37.51000000"}}
1628952400.796763: {"stream":"xmrbtc@bookTicker","data":{"u":717720883,"s":"XMRBTC","b":"0.00577300","B":"48.01900000","a":"0.00578000","A":"37.51000000"}}
1628952400.8022861: {"stream":"ftmusdt@depth@100ms","data":{"e":"depthUpdate","E":1628952400770,"s":"FTMUSDT","U":800361163,"u":800361164,"b":[["0.33909000","900.00000000"]],"a":[["0.34021000","0.00000000"]]}}
1628952400.802461: {"stream":"xmrbtc@depth@100ms","data":{"e":"depthUpdate","E":1628952400770,"s":"XMRBTC","U":717720882,"u":717720883,"b":[["0.00577300","48.01900000"]],"a":[]}}
1628952400.883022: {"stream":"ftmusdt@bookTicker","data":{"u":800361167,"s":"FTMUSDT","b":"0.33976000","B":"1936.80000000","a":"0.34020000","A":"2746.10000000"}}
1628952400.902606: {"stream":"xmrbtc@depth@100ms","data":{"e":"depthUpdate","E":1628952400870,"s":"XMRBTC","U":717720884,"u":717720886,"b":[["0.00577000","14.07700000"]],"a":[["0.00578200","0.00000000"],["0.00578700","42.17400000"]]}}
1628952400.902776: {"stream":"sxpbtc@depth@100ms","data":{"e":"depthUpdate","E":1628952400870,"s":"SXPBTC","U":679669324,"u":679669329,"b":[["0.00007469","0.00000000"]],"a":[["0.00007485","378.00000000"],["0.00007486","19.00000000"],["0.00007491","158.00000000"]]}}
1628952400.9041312: {"stream":"ftmusdt@depth@100ms","data":{"e":"depthUpdate","E":1628952400871,"s":"FTMUSDT","U":800361165,"u":800361167,"b":[["0.33977000","0.00000000"],["0.33956000","7455.00000000"]],"a":[["0.34044000","8609.30000000"]]}}
1628952401.002708: {"stream":"sxpbtc@depth@100ms","data":{"e":"depthUpdate","E":1628952400970,"s":"SXPBTC","U":679669330,"u":679669330,"b":[],"a":[["0.00007487","1019.00000000"]]}}
1628952401.0028002: {"stream":"ftmusdt@depth@100ms","data":{"e":"depthUpdate","E":1628952400970,"s":"FTMUSDT","U":800361168,"u":800361175,"b":[["0.33975000","0.00000000"],["0.33970000","0.00000000"],["0.33957000","151.40000000"],["0.33956000","0.00000000"],["0.33945000","7455.00000000"]],"a":[["0.34024000","0.00000000"],["0.34053000","373.30000000"]]}}
1628952401.0029151: {"stream":"xmrbtc@depth@100ms","data":{"e":"depthUpdate","E":1628952400971,"s":"XMRBTC","U":717720887,"u":717720887,"b":[],"a":[["0.00578300","40.32200000"]]}}
1628952401.044184: {"stream":"ftmusdt@bookTicker","data":{"u":800361179,"s":"FTMUSDT","b":"0.33976000","B":"1936.80000000","a":"0.34016000","A":"1500.00000000"}}
1628952401.050642: {"stream":"ftmusdt@bookTicker","data":{"u":800361181,"s":"FTMUSDT","b":"0.33968000","B":"373.30000000","a":"0.34016000","A":"1500.00000000"}}
1628952401.061387: {"stream":"ftmusdt@bookTicker","data":{"u":800361186,"s":"FTMUSDT","b":"0.33972000","B":"1500.00000000","a":"0.34016000","A":"1500.00000000"}}
1628952401.066697: {"stream":"ftmusdt@bookTicker","data":{"u":800361187,"s":"FTMUSDT","b":"0.33972000","B":"1500.00000000","a":"0.34015000","A":"2746.10000000"}}
1628952401.0741818: {"stream":"ftmusdt@bookTicker","data":{"u":800361188,"s":"FTMUSDT","b":"0.33972000","B":"1500.00000000","a":"0.34011000","A":"1500.00000000"}}
1628952401.080174: {"stream":"ftmusdt@bookTicker","data":{"u":800361189,"s":"FTMUSDT","b":"0.33980000","B":"1500.00000000","a":"0.34011000","A":"1500.00000000"}}
1628952401.09217: {"stream":"ftmusdt@bookTicker","data":{"u":800361194,"s":"FTMUSDT","b":"0.33972000","B":"1500.00000000","a":"0.34011000","A":"1500.00000000"}}
1628952401.098499: {"stream":"ftmusdt@bookTicker","data":{"u":800361195,"s":"FTMUSDT","b":"0.33972000","B":"1500.00000000","a":"0.34010000","A":"2746.10000000"}}
1628952401.104171: {"stream":"ftmusdt@depth@100ms","data":{"e":"depthUpdate","E":1628952401070,"s":"FTMUSDT","U":800361176,"u":800361197,"b":[["0.33980000","0.00000000"],["0.33976000","0.00000000"],["0.33974000","0.00000000"],["0.33972000","1500.00000000"],["0.33967000","0.00000000"],["0.33957000","0.00000000"],["0.33927000","0.00000000"]],"a":[["0.34010000","2746.10000000"],["0.34011000","1500.00000000"],["0.34015000","0.00000000"],["0.34016000","0.00000000"],["0.34019000","2154.80000000"],["0.34020000","0.00000000"],["0.34026000","0.00000000"],["0.34035000","0.00000000"],["0.34036000","7976.40000000"],["0.34078000","4408.20000000"],["0.34134000","0.00000000"]]}}
1628952401.104529: {"stream":"xmrbtc@depth@100ms","data":{"e":"depthUpdate","E":1628952401071,"s":"XMRBTC","U":717720888,"u":717720889,"b":[],"a":[["0.00578100","0.00000000"],["0.00578400","0.00000000"]]}}
1628952401.1157582: {"stream":"ftmusdt@bookTicker","data":{"u":800361200,"s":"FTMUSDT","b":"0.33972000","B":"1500.00000000","a":"0.34006000","A":"1500.00000000"}}
1628952401.157763: {"stream":"ftmusdt@bookTicker","data":{"u":800361206,"s":"FTMUSDT","b":"0.33973000","B":"4625.40000000","a":"0.34006000","A":"1500.00000000"}}
1628952401.1723058: {"stream":"ftmusdt@bookTicker","data":{"u":800361207,"s":"FTMUSDT","b":"0.33977000","B":"1500.00000000","a":"0.34006000","A":"1500.00000000"}}
1628952401.202752: {"stream":"sxpbtc@depth@100ms","data":{"e":"depthUpdate","E":1628952401170,"s":"SXPBTC","U":679669331,"u":679669332,"b":[],"a":[["0.00007488","3.00000000"],["0.00007498","2132.00000000"]]}}
1628952401.202889: {"stream":"ftmusdt@depth@100ms","data":{"e":"depthUpdate","E":1628952401170,"s":"FTMUSDT","U":800361198,"u":800361208,"b":[["0.33977000","1500.00000000"],["0.33973000","4625.40000000"],["0.33972000","0.00000000"],["0.33969000","0.00000000"],["0.33940000","0.00000000"],["0.33769000","7348.90000000"]],"a":[["0.34006000","1500.00000000"],["0.34011000","0.00000000"],["0.34030000","1469.80000000"],["0.34044000","7140.00000000"]]}}
1628952401.2034318: {"stream":"xmrbtc@depth@100ms","data":{"e":"depthUpdate","E":1628952401170,"s":"XMRBTC","U":717720890,"u":717720890,"b":[],"a":[["0.00578300","5.70000000"]]}}
1628952401.290936: {"stream":"ftmusdt@bookTicker","data":{"u":800361216,"s":"FTMUSDT","b":"0.33977000","B":"1500.00000000","a":"0.34006000","A":"1413.00000000"}}
1628952401.29102: {"stream":"ftmusdt@aggTrade","data":{"e":"aggTrade","E":1628952401260,"s":"FTMUSDT","a":31718373,"p":"0.34006000","q":"87.00000000","f":38248911,"l":38248911,"T":1628952401260,"m":false,"M":true}}
1628952401.3010402: {"stream":"ftmusdt@depth@100ms","data":{"e":"depthUpdate","E":1628952401270,"s":"FTMUSDT","U":800361209,"u":800361218,"b":[["0.33947000","0.00000000"],["0.33917000","4966.00000000"],["0.33910000","13596.20000000"],["0.33769000","0.00000000"],["0.33527000","457.20000000"]],"a":[["0.34006000","1413.00000000"],["0.34010000","0.00000000"],["0.34018000","2746.10000000"],["0.34210000","7467.20000000"],["0.34239000","32.10000000"]]}}
1628952401.301312: {"stream":"badgerbtc@depth@100ms","data":{"e":"depthUpdate","E":1628952401270,"s":"BADGERBTC","U":49759204,"u":49759204,"b":[["0.00058230","3.79000000"]],"a":[]}}
1628952401.3246589: {"stream":"ftmusdt@bookTicker","data":{"u":800361220,"s":"FTMUSDT","b":"0.33977000","B":"1500.00000000","a":"0.34014000","A":"1500.00000000"}}
1628952401.350197: {"stream":"ftmusdt@bookTicker","data":{"u":800361223,"s":"FTMUSDT","b":"0.33977000","B":"1500.00000000","a":"0.34013000","A":"2746.10000000"}}
1628952401.358338: {"stream":"ftmusdt@kline_1m","data":{"e":"kline","E":1628952401328,"s":"FTMUSDT","k":{"t":1628952360000,"T":1628952419999,"s":"FTMUSDT","i":"1m","f":38248833,"L":38248911,"o":"0.34064000","c":"0.34006000","h":"0.34070000","l":"0.33934000","v":"208688.00000000","n":79,"x":false,"q":"70876.35490900","V":"156133.30000000","Q":"53013.75454200","B":"0"}}}
1628952401.385035: {"stream":"ftmusdt@bookTicker","data":{"u":800361226,"s":"FTMUSDT","b":"0.33977000","B":"1500.00000000","a":"0.34009000","A":"1500.00000000"}}
1628952401.4002419: {"stream":"ftmusdt@bookTicker","data":{"u":800361228,"s":"FTMUSDT","b":"0.33977000","B":"1500.00000000","a":"0.34008000","A":"2746.10000000"}}
1628952401.403409: {"stream":"ftmusdt@depth@100ms","data":{"e":"depthUpdate","E":1628952401370,"s":"FTMUSDT","U":800361219,"u":800361228,"b":[["0.33732000","582.20000000"],["0.33527000","46831.20000000"]],"a":[["0.34006000","0.00000000"],["0.34008000","2746.10000000"],["0.34009000","1500.00000000"],["0.34013000","0.00000000"],["0.34014000","0.00000000"],["0.34018000","0.00000000"]]}}
1628952401.408816: {"stream":"ftmusdt@bookTicker","data":{"u":800361229,"s":"FTMUSDT","b":"0.33977000","B":"1500.00000000","a":"0.34004000","A":"1500.00000000"}}
1628952401.502626: {"stream":"ftmusdt@depth@100ms","data":{"e":"depthUpdate","E":1628952401470,"s":"FTMUSDT","U":800361229,"u":800361231,"b":[],"a":[["0.34004000","1500.00000000"],["0.34009000","0.00000000"],["0.34595000","0.00000000"]]}}
1628952401.514261: {"stream":"ftmusdt@bookTicker","data":{"u":800361233,"s":"FTMUSDT","b":"0.33977000","B":"1500.00000000","a":"0.34003000","A":"2746.10000000"}}
1628952401.6030731: {"stream":"xmrbtc@depth@100ms","data":{"e":"depthUpdate","E":1628952401570,"s":"XMRBTC","U":717720891,"u":717720891,"b":[["0.00558100","0.37100000"]],"a":[]}}
1628952401.603204: {"stream":"ftmusdt@depth@100ms","data":{"e":"depthUpdate","E":1628952401570,"s":"FTMUSDT","U":800361232,"u":800361233,"b":[],"a":[["0.34003000","2746.10000000"],["0.34008000","0.00000000"]]}}
1628952401.627655: {"stream":"ftmusdt@bookTicker","data":{"u":800361235,"s":"FTMUSDT","b":"0.33977000","B":"1500.00000000","a":"0.34003000","A":"4246.10000000"}}
1628952401.702416: {"stream":"ftmusdt@depth@100ms","data":{"e":"depthUpdate","E":1628952401670,"s":"FTMUSDT","U":800361234,"u":800361235,"b":[],"a":[["0.34003000","4246.10000000"],["0.34004000","0.00000000"]]}}
1628952401.7025769: {"stream":"xmrbtc@depth@100ms","data":{"e":"depthUpdate","E":1628952401670,"s":"XMRBTC","U":717720892,"u":717720892,"b":[["0.00558100","21.25800000"]],"a":[]}}
1628952401.795158: {"stream":"ftmusdt@bookTicker","data":{"u":800361236,"s":"FTMUSDT","b":"0.33990000","B":"29.80000000","a":"0.34003000","A":"4246.10000000"}}
1628952401.802662: {"stream":"ftmusdt@depth@100ms","data":{"e":"depthUpdate","E":1628952401770,"s":"FTMUSDT","U":800361236,"u":800361236,"b":[["0.33990000","29.80000000"]],"a":[]}}
1628952401.802804: {"stream":"xmrbtc@depth@100ms","data":{"e":"depthUpdate","E":1628952401770,"s":"XMRBTC","U":717720893,"u":717720893,"b":[],"a":[["0.00578200","11.54600000"]]}}
1628952401.913503: {"stream":"xmrbtc@bookTicker","data":{"u":717720894,"s":"XMRBTC","b":"0.00577300","B":"16.19600000","a":"0.00578000","A":"37.51000000"}}
1628952401.947401: {"stream":"ftmusdt@bookTicker","data":{"u":800361238,"s":"FTMUSDT","b":"0.33990000","B":"29.80000000","a":"0.34003000","A":"1500.00000000"}}
1628952401.96143: {"stream":"ftmusdt@bookTicker","data":{"u":800361240,"s":"FTMUSDT","b":"0.33990000","B":"29.80000000","a":"0.34018000","A":"2746.10000000"}}
1628952402.001874: {"stream":"sxpbtc@depth@100ms","data":{"e":"depthUpdate","E":1628952401970,"s":"SXPBTC","U":679669333,"u":679669333,"b":[],"a":[["0.00007491","3.00000000"]]}}
1628952402.001955: {"stream":"xmrbtc@depth@100ms","data":{"e":"depthUpdate","E":1628952401971,"s":"XMRBTC","U":717720894,"u":717720896,"b":[["0.00577300","16.19600000"]],"a":[["0.00578500","0.69700000"]]}}
1628952402.001994: {"stream":"ftmusdt@depth@100ms","data":{"e":"depthUpdate","E":1628952401971,"s":"FTMUSDT","U":800361237,"u":800361240,"b":[],"a":[["0.34003000","0.00000000"],["0.34018000","2746.10000000"],["0.34074000","215.90000000"]]}}
1628952402.058656: {"stream":"ftmusdt@bookTicker","data":{"u":800361241,"s":"FTMUSDT","b":"0.33990000","B":"29.80000000","a":"0.34014000","A":"1500.00000000"}}
1628952402.0801659: {"stream":"ftmusdt@bookTicker","data":{"u":800361244,"s":"FTMUSDT","b":"0.33990000","B":"29.80000000","a":"0.34013000","A":"2746.10000000"}}
1628952402.102596: {"stream":"xmrbtc@depth@100ms","data":{"e":"depthUpdate","E":1628952402070,"s":"XMRBTC","U":717720897,"u":717720898,"b":[],"a":[["0.00578700","41.23100000"],["0.00578800","26.04900000"]]}}
1628952402.102732: {"stream":"ftmusdt@depth@100ms","data":{"e":"depthUpdate","E":1628952402071,"s":"FTMUSDT","U":800361241,"u":800361245,"b":[["0.33978000","4625.00000000"],["0.33973000","0.00000000"]],"a":[["0.34013000","2746.10000000"],["0.34014000","1500.00000000"],["0.34018000","0.00000000"]]}}
1628952402.1527529: {"stream":"ftmusdt@bookTicker","data":{"u":800361249,"s":"FTMUSDT","b":"0.33990000","B":"29.80000000","a":"0.34009000","A":"1500.00000000"}}
1628952402.1727412: {"stream":"ftmusdt@bookTicker","data":{"u":800361251,"s":"FTMUSDT","b":"0.33990000","B":"29.80000000","a":"0.34008000","A":"2746.10000000"}}
1628952402.202337: {"stream":"ftmusdt@depth@100ms","data":{"e":"depthUpdate","E":1628952402170,"s":"FTMUSDT","U":800361246,"u":800361252,"b":[["0.33977000","0.00000000"]],"a":[["0.34008000","2746.10000000"],["0.34009000","1500.00000000"],["0.34013000","0.00000000"],["0.34014000","1565.60000000"],["0.34507000","52993.10000000"]]}}
1628952402.202559: {"stream":"xmrbtc@depth@100ms","data":{"e":"depthUpdate","E":1628952402171,"s":"XMRBTC","U":717720899,"u":717720900,"b":[["0.00574300","321.40300000"]],"a":[["0.00578800","25.27700000"]]}}
1628952402.3025138: {"stream":"badgerbtc@depth@100ms","data":{"e":"depthUpdate","E":1628952402271,"s":"BADGERBTC","U":49759205,"u":49759205,"b":[],"a":[["0.00058630","0.00000000"]]}}
1628952402.314404: {"stream":"sxpbtc@bookTicker","data":{"u":679669334,"s":"SXPBTC","b":"0.00007474","B":"81.00000000","a":"0.00007483","A":"11.00000000"}}
1628952402.316841: {"stream":"badgerbtc@bookTicker","data":{"u":49759206,"s":"BADGERBTC","b":"0.00058350","B":"54.00000000","a":"0.00058640","A":"7.46000000"}}
1628952402.324065: {"stream":"sxpbtc@bookTicker","data":{"u":679669335,"s":"SXPBTC","b":"0.00007475","B":"120.00000000","a":"0.00007483","A":"11.00000000"}}
1628952402.391343: {"stream":"badgerbtc@bookTicker","data":{"u":49759207,"s":"BADGERBTC","b":"0.00058350","B":"54.00000000","a":"0.00058590","A":"8.55000000"}}
1628952402.4022121: {"stream":"ftmusdt@depth@100ms","data":{"e":"depthUpdate","E":1628952402371,"s":"FTMUSDT","U":800361253,"u":800361260,"b":[["0.33978000","0.00000000"],["0.33969000","4625.80000000"],["0.33951000","20960.60000000"],["0.33946000","3092.60000000"],["0.33945000","12023.30000000"],["0.33938000","14732.70000000"]],"a":[]}}
1628952402.4024189: {"stream":"sxpbtc@depth@100ms","data":{"e":"depthUpdate","E":1628952402371,"s":"SXPBTC","U":679669334,"u":679669336,"b":[["0.00007475","120.00000000"],["0.00007474","81.00000000"],["0.00007473","181.00000000"]],"a":[]}}
1628952402.402514: {"stream":"badgerbtc@depth@100ms","data":{"e":"depthUpdate","E":1628952402371,"s":"BADGERBTC","U":49759206,"u":49759207,"b":[],"a":[["0.00058590","8.55000000"],["0.00058610","0.00000000"]]}}
1628952402.415492: {"stream":"badgerbtc@bookTicker","data":{"u":49759208,"s":"BADGERBTC","b":"0.00058350","B":"54.00000000","a":"0.00058640","A":"7.46000000"}}
1628952402.5027258: {"stream":"ftmusdt@depth@100ms","data":{"e":"depthUpdate","E":1628952402471,"s":"FTMUSDT","U":800361261,"u":800361263,"b":[["0.33952000","1469.80000000"],["0.33946000","0.00000000"]],"a":[]}}
1628952402.502898: {"stream":"badgerbtc@depth@100ms","data":{"e":"depthUpdate","E":1628952402471,"s":"BADGERBTC","U":49759208,"u":49759208,"b":[],"a":[["0.00058590","0.00000000"]]}}
1628952402.5197701: {"stream":"badgerbtc@bookTicker","data":{"u":49759209,"s":"BADGERBTC","b":"0.00058350","B":"54.00000000","a":"0.00058630","A":"43.87000000"}}
1628952402.602684: {"stream":"badgerbtc@depth@100ms","data":{"e":"depthUpdate","E":1628952402571,"s":"BADGERBTC","U":49759209,"u":49759209,"b":[],"a":[["0.00058630","43.87000000"]]}}
1628952402.6028311: {"stream":"xmrbtc@depth@100ms","data":{"e":"depthUpdate","E":1628952402571,"s":"XMRBTC","U":717720901,"u":717720902,"b":[["0.00576700","2.60600000"],["0.00576600","20.47900000"]],"a":[]}}
1628952402.625369: {"stream":"badgerbtc@bookTicker","data":{"u":49759210,"s":"BADGERBTC","b":"0.00058350","B":"54.00000000","a":"0.00058610","A":"8.80000000"}}
1628952402.7029781: {"stream":"badgerbtc@depth@100ms","data":{"e":"depthUpdate","E":1628952402671,"s":"BADGERBTC","U":49759210,"u":49759210,"b":[],"a":[["0.00058610","8.80000000"]]}}
1628952402.803599: {"stream":"ftmusdt@depth@100ms","data":{"e":"depthUpdate","E":1628952402771,"s":"FTMUSDT","U":800361264,"u":800361265,"b":[],"a":[["0.34019000","1979.70000000"],["0.34075000","0.00000000"]]}}
1628952402.8232021: {"stream":"ftmusdt@bookTicker","data":{"u":800361266,"s":"FTMUSDT","b":"0.33990000","B":"29.80000000","a":"0.34007000","A":"175.10000000"}}
1628952402.908194: {"stream":"sxpbtc@depth@100ms","data":{"e":"depthUpdate","E":1628952402871,"s":"SXPBTC","U":679669337,"u":679669337,"b":[["0.00007473","0.00000000"]],"a":[]}}
1628952402.9083421: {"stream":"ftmusdt@depth@100ms","data":{"e":"depthUpdate","E":1628952402871,"s":"FTMUSDT","U":800361266,"u":800361268,"b":[],"a":[["0.34007000","175.10000000"],["0.34014000","0.00000000"],["0.34063000","0.00000000"]]}}
1628952403.003776: {"stream":"ftmusdt@depth@100ms","data":{"e":"depthUpdate","E":1628952402971,"s":"FTMUSDT","U":800361269,"u":800361269,"b":[["0.33969000","13568.30000000"]],"a":[]}}
1628952403.051971: {"stream":"ftmusdt@bookTicker","data":{"u":800361272,"s":"FTMUSDT","b":"0.33990000","B":"29.80000000","a":"0.34003000","A":"1500.00000000"}}
1628952403.103383: {"stream":"ftmusdt@depth@100ms","data":{"e":"depthUpdate","E":1628952403071,"s":"FTMUSDT","U":800361270,"u":800361274,"b":[["0.33973000","1500.00000000"]],"a":[["0.34003000","1500.00000000"],["0.34008000","0.00000000"],["0.34009000","0.00000000"],["0.34018000","2746.10000000"]]}}
1628952403.103611: {"stream":"xmrbtc@depth@100ms","data":{"e":"depthUpdate","E":1628952403071,"s":"XMRBTC","U":717720903,"u":717720904,"b":[["0.00577000","17.94200000"],["0.00552400","0.02400000"]],"a":[]}}
1628952403.1469371: {"stream":"xmrbtc@bookTicker","data":{"u":717720905,"s":"XMRBTC","b":"0.00577300","B":"48.01900000","a":"0.00578000","A":"37.51000000"}}
1628952403.2032452: {"stream":"sxpbtc@depth@100ms","data":{"e":"depthUpdate","E":1628952403171,"s":"SXPBTC","U":679669338,"u":679669338,"b":[],"a":[["0.00007485","138.00000000"]]}}
1628952403.203372: {"stream":"xmrbtc@depth@100ms","data":{"e":"depthUpdate","E":1628952403171,"s":"XMRBTC","U":717720905,"u":717720907,"b":[["0.00577300","48.01900000"],["0.00552400","54.60800000"]],"a":[["0.00578200","0.00000000"]]}}
1628952403.2034812: {"stream":"ftmusdt@depth@100ms","data":{"e":"depthUpdate","E":1628952403171,"s":"FTMUSDT","U":800361275,"u":800361277,"b":[["0.33974000","4625.90000000"],["0.33969000","0.00000000"]],"a":[]}}
1628952403.303355: {"stream":"ftmusdt@depth@100ms","data":{"e":"depthUpdate","E":1628952403271,"s":"FTMUSDT","U":800361278,"u":800361280,"b":[["0.33978000","1500.00000000"],["0.33974000","13568.40000000"],["0.33973000","0.00000000"]],"a":[]}}
1628952403.303533: {"stream":"sxpbtc@depth@100ms","data":{"e":"depthUpdate","E":1628952403271,"s":"SXPBTC","U":679669339,"u":679669340,"b":[],"a":[["0.00007485","18.00000000"],["0.00007486","259.00000000"]]}}
1628952403.402724: {"stream":"ftmusdt@depth@100ms","data":{"e":"depthUpdate","E":1628952403371,"s":"FTMUSDT","U":800361281,"u":800361284,"b":[["0.33979000","4626.50000000"],["0.33974000","0.00000000"],["0.33951000","5100.30000000"]],"a":[]}}
1628952403.402905: {"stream":"sxpbtc@depth@100ms","data":{"e":"depthUpdate","E":1628952403371,"s":"SXPBTC","U":679669341,"u":679669342,"b":[],"a":[["0.00007486","418.00000000"],["0.00007584","3.00000000"]]}}
1628952403.403009: {"stream":"xmrbtc@depth@100ms","data":{"e":"depthUpdate","E":1628952403371,"s":"XMRBTC","U":717720908,"u":717720908,"b":[],"a":[["0.00578200","11.54400000"]]}}
1628952403.4861922: {"stream":"ftmusdt@bookTicker","data":{"u":800361289,"s":"FTMUSDT","b":"0.33990000","B":"29.80000000","a":"0.34007000","A":"175.10000000"}}
1628952403.502487: {"stream":"sxpbtc@depth@100ms","data":{"e":"depthUpdate","E":1628952403471,"s":"SXPBTC","U":679669343,"u":679669343,"b":[],"a":[["0.00007586","13221.00000000"]]}}
1628952403.503119: {"stream":"ftmusdt@depth@100ms","data":{"e":"depthUpdate","E":1628952403471,"s":"FTMUSDT","U":800361285,"u":800361291,"b":[["0.33988000","1565.60000000"],["0.33979000","9098.50000000"],["0.33951000","373.30000000"],["0.33947000","7320.00000000"],["0.33945000","7455.00000000"]],"a":[["0.34003000","0.00000000"],["0.34016000","1565.60000000"]]}}
1628952403.602531: {"stream":"ftmusdt@depth@100ms","data":{"e":"depthUpdate","E":1628952403571,"s":"FTMUSDT","U":800361292,"u":800361293,"b":[],"a":[["0.34015000","2746.10000000"],["0.34018000","0.00000000"]]}}
1628952403.674994: {"stream":"xmrbtc@bookTicker","data":{"u":717720909,"s":"XMRBTC","b":"0.00577300","B":"16.19600000","a":"0.00578000","A":"37.51000000"}}
1628952403.6815329: {"stream":"xmrbtc@bookTicker","data":{"u":717720910,"s":"XMRBTC","b":"0.00577300","B":"48.01900000","a":"0.00578000","A":"37.51000000"}}
1628952403.685771: {"stream":"xmrbtc@bookTicker","data":{"u":717720911,"s":"XMRBTC","b":"0.00577300","B":"16.19600000","a":"0.00578000","A":"37.51000000"}}
1628952403.703115: {"stream":"ftmusdt@depth@100ms","data":{"e":"depthUpdate","E":1628952403671,"s":"FTMUSDT","U":800361294,"u":800361294,"b":[],"a":[["0.34019000","0.00000000"]]}}
1628952403.703218: {"stream":"xmrbtc@depth@100ms","data":{"e":"depthUpdate","E":1628952403671,"s":"XMRBTC","U":717720909,"u":717720911,"b":[["0.00577300","16.19600000"]],"a":[]}}
1628952403.902891: {"stream":"ftmusdt@depth@100ms","data":{"e":"depthUpdate","E":1628952403871,"s":"FTMUSDT","U":800361295,"u":800361295,"b":[],"a":[["0.34016000","0.00000000"]]}}
1628952403.902949: {"stream":"xmrbtc@depth@100ms","data":{"e":"depthUpdate","E":1628952403871,"s":"XMRBTC","U":717720912,"u":717720912,"b":[["0.00577100","37.97300000"]],"a":[]}}
1628952403.9029691: {"stream":"sxpbtc@depth@100ms","data":{"e":"depthUpdate","E":1628952403871,"s":"SXPBTC","U":679669344,"u":679669344,"b":[["0.00007320","7112.00000000"]],"a":[]}}
1628952404.0027552: {"stream":"ftmusdt@depth@100ms","data":{"e":"depthUpdate","E":1628952403971,"s":"FTMUSDT","U":800361296,"u":800361301,"b":[["0.33965000","1469.20000000"],["0.33952000","0.00000000"]],"a":[["0.34015000","0.00000000"],["0.34030000","0.00000000"],["0.34035000","2746.10000000"],["0.34043000","1469.20000000"]]}}
1628952404.0029461: {"stream":"xmrbtc@depth@100ms","data":{"e":"depthUpdate","E":1628952403971,"s":"XMRBTC","U":717720913,"u":717720913,"b":[],"a":[["0.00578200","0.00000000"]]}}
1628952404.102796: {"stream":"sxpbtc@depth@100ms","data":{"e":"depthUpdate","E":1628952404071,"s":"SXPBTC","U":679669345,"u":679669345,"b":[["0.00007330","13021.00000000"]],"a":[]}}
1628952404.102924: {"stream":"ftmusdt@depth@100ms","data":{"e":"depthUpdate","E":1628952404071,"s":"FTMUSDT","U":800361302,"u":800361302,"b":[["0.33988000","0.00000000"]],"a":[]}}
1628952404.118637: {"stream":"ftmusdt@bookTicker","data":{"u":800361304,"s":"FTMUSDT","b":"0.33990000","B":"1595.40000000","a":"0.34007000","A":"175.10000000"}}
1628952404.125058: {"stream":"xmrbtc@bookTicker","data":{"u":717720914,"s":"XMRBTC","b":"0.00577300","B":"48.01900000","a":"0.00578000","A":"37.51000000"}}
1628952404.134701: {"stream":"ftmusdt@bookTicker","data":{"u":800361308,"s":"FTMUSDT","b":"0.33991000","B":"1500.00000000","a":"0.34007000","A":"175.10000000"}}
1628952404.2030551: {"stream":"xmrbtc@depth@100ms","data":{"e":"depthUpdate","E":1628952404171,"s":"XMRBTC","U":717720914,"u":717720916,"b":[["0.00577300","48.01900000"]],"a":[["0.00578200","11.54400000"],["0.00578600","25.18700000"]]}}
1628952404.203168: {"stream":"ftmusdt@depth@100ms","data":{"e":"depthUpdate","E":1628952404171,"s":"FTMUSDT","U":800361303,"u":800361311,"b":[["0.33991000","1500.00000000"],["0.33990000","1595.40000000"],["0.33983000","0.00000000"],["0.33979000","4472.00000000"],["0.33978000","0.00000000"]],"a":[["0.34021000","2746.10000000"],["0.34022000","1565.60000000"],["0.34035000","0.00000000"]]}}
1628952404.26386: {"stream":"ftmusdt@bookTicker","data":{"u":800361312,"s":"FTMUSDT","b":"0.33991000","B":"1500.00000000","a":"0.34021000","A":"2746.10000000"}}
1628952404.2731168: {"stream":"ftmusdt@bookTicker","data":{"u":800361313,"s":"FTMUSDT","b":"0.33991000","B":"1500.00000000","a":"0.34017000","A":"1500.00000000"}}
1628952404.290164: {"stream":"ftmusdt@bookTicker","data":{"u":800361315,"s":"FTMUSDT","b":"0.33991000","B":"1500.00000000","a":"0.34016000","A":"2746.10000000"}}
1628952404.3041532: {"stream":"ftmusdt@depth@100ms","data":{"e":"depthUpdate","E":1628952404271,"s":"FTMUSDT","U":800361312,"u":800361316,"b":[],"a":[["0.34007000","0.00000000"],["0.34016000","2746.10000000"],["0.34017000","0.00000000"],["0.34021000","0.00000000"]]}}
1628952404.307565: {"stream":"ftmusdt@bookTicker","data":{"u":800361317,"s":"FTMUSDT","b":"0.33991000","B":"1500.00000000","a":"0.34012000","A":"1500.00000000"}}
1628952404.4035761: {"stream":"ftmusdt@depth@100ms","data":{"e":"depthUpdate","E":1628952404371,"s":"FTMUSDT","U":800361317,"u":800361317,"b":[],"a":[["0.34012000","1500.00000000"]]}}
1628952404.503963: {"stream":"ftmusdt@depth@100ms","data":{"e":"depthUpdate","E":1628952404471,"s":"FTMUSDT","U":800361318,"u":800361322,"b":[["0.33990000","29.80000000"],["0.33980000","4625.20000000"],["0.31360000","0.00000000"]],"a":[["0.34016000","0.00000000"],["0.34021000","2746.10000000"]]}}
1628952404.522517: {"stream":"ftmusdt@bookTicker","data":{"u":800361323,"s":"FTMUSDT","b":"0.33991000","B":"1500.00000000","a":"0.34021000","A":"2746.10000000"}}
1628952404.522597: {"stream":"ftmusdt@bookTicker","data":{"u":800361324,"s":"FTMUSDT","b":"0.33991000","B":"1500.00000000","a":"0.34017000","A":"1500.00000000"}}
1628952404.544578: {"stream":"ftmusdt@bookTicker","data":{"u":800361327,"s":"FTMUSDT","b":"0.33991000","B":"1500.00000000","a":"0.34016000","A":"2746.10000000"}}
1628952404.603452: {"stream":"badgerbtc@depth@100ms","data":{"e":"depthUpdate","E":1628952404571,"s":"BADGERBTC","U":49759211,"u":49759211,"b":[],"a":[["0.00058630","0.00000000"]]}}
1628952404.603606: {"stream":"ftmusdt@depth@100ms","data":{"e":"depthUpdate","E":1628952404571,"s":"FTMUSDT","U":800361323,"u":800361327,"b":[],"a":[["0.34012000","0.00000000"],["0.34016000","2746.10000000"],["0.34017000","1500.00000000"],["0.34021000","0.00000000"],["0.34022000","0.00000000"]]}}
1628952404.669516: {"stream":"badgerbtc@bookTicker","data":{"u":49759212,"s":"BADGERBTC","b":"0.00058350","B":"54.00000000","a":"0.00058640","A":"7.46000000"}}
1628952404.7036219: {"stream":"badgerbtc@depth@100ms","data":{"e":"depthUpdate","E":1628952404671,"s":"BADGERBTC","U":49759212,"u":49759212,"b":[],"a":[["0.00058610","0.00000000"]]}}
1628952404.7112901: {"stream":"xmrbtc@bookTicker","data":{"u":717720917,"s":"XMRBTC","b":"0.00577300","B":"16.19600000","a":"0.00578000","A":"37.51000000"}}
1628952404.777519: {"stream":"ftmusdt@bookTicker","data":{"u":800361328,"s":"FTMUSDT","b":"0.33991000","B":"1500.00000000","a":"0.34017000","A":"1500.00000000"}}
1628952404.784898: {"stream":"ftmusdt@bookTicker","data":{"u":800361329,"s":"FTMUSDT","b":"0.33991000","B":"1500.00000000","a":"0.34036000","A":"7976.40000000"}}
1628952404.7881138: {"stream":"ftmusdt@bookTicker","data":{"u":800361330,"s":"FTMUSDT","b":"0.33991000","B":"1500.00000000","a":"0.34035000","A":"2746.10000000"}}
1628952404.803306: {"stream":"xmrbtc@depth@100ms","data":{"e":"depthUpdate","E":1628952404771,"s":"XMRBTC","U":717720917,"u":717720918,"b":[["0.00577300","16.19600000"],["0.00577100","3.35300000"]],"a":[]}}
1628952404.803443: {"stream":"sxpbtc@depth@100ms","data":{"e":"depthUpdate","E":1628952404771,"s":"SXPBTC","U":679669346,"u":679669346,"b":[],"a":[["0.00007486","178.00000000"]]}}
1628952404.80351: {"stream":"ftmusdt@depth@100ms","data":{"e":"depthUpdate","E":1628952404772,"s":"FTMUSDT","U":800361328,"u":800361331,"b":[],"a":[["0.34016000","0.00000000"],["0.34017000","0.00000000"],["0.34035000","2746.10000000"],["0.34044000","0.00000000"]]}}
1628952404.811668: {"stream":"badgerbtc@bookTicker","data":{"u":49759213,"s":"BADGERBTC","b":"0.00058350","B":"54.00000000","a":"0.00058630","A":"43.87000000"}}
1628952404.813451: {"stream":"xmrbtc@bookTicker","data":{"u":717720919,"s":"XMRBTC","b":"0.00577300","B":"48.01900000","a":"0.00578000","A":"37.51000000"}}
1628952404.8144798: {"stream":"ftmusdt@bookTicker","data":{"u":800361332,"s":"FTMUSDT","b":"0.33991000","B":"1500.00000000","a":"0.34035000","A":"4725.80000000"}}
1628952404.860835: {"stream":"ftmusdt@bookTicker","data":{"u":800361336,"s":"FTMUSDT","b":"0.33992000","B":"4622.10000000","a":"0.34035000","A":"4725.80000000"}}
1628952404.886189: {"stream":"ftmusdt@bookTicker","data":{"u":800361337,"s":"FTMUSDT","b":"0.33992000","B":"4622.10000000","a":"0.34034000","A":"175.10000000"}}
1628952404.9004102: {"stream":"xmrbtc@bookTicker","data":{"u":717720920,"s":"XMRBTC","b":"0.00577300","B":"16.19600000","a":"0.00578000","A":"37.51000000"}}
1628952404.903677: {"stream":"xmrbtc@depth@100ms","data":{"e":"depthUpdate","E":1628952404871,"s":"XMRBTC","U":717720919,"u":717720920,"b":[["0.00577300","16.19600000"]],"a":[]}}
1628952404.903809: {"stream":"badgerbtc@depth@100ms","data":{"e":"depthUpdate","E":1628952404871,"s":"BADGERBTC","U":49759213,"u":49759213,"b":[],"a":[["0.00058630","43.87000000"]]}}
1628952404.903925: {"stream":"ftmusdt@depth@100ms","data":{"e":"depthUpdate","E":1628952404872,"s":"FTMUSDT","U":800361332,"u":800361339,"b":[["0.33992000","4622.10000000"],["0.33980000","0.00000000"],["0.33979000","0.00000000"]],"a":[["0.34034000","175.10000000"],["0.34035000","1979.70000000"],["0.34036000","373.30000000"],["0.34073000","14708.40000000"]]}}
1628952404.906498: {"stream":"ftmusdt@bookTicker","data":{"u":800361340,"s":"FTMUSDT","b":"0.33992000","B":"4622.10000000","a":"0.34033000","A":"2746.10000000"}}
1628952404.914295: {"stream":"badgerbtc@bookTicker","data":{"u":49759214,"s":"BADGERBTC","b":"0.00058350","B":"54.00000000","a":"0.00058610","A":"7.78000000"}}
1628952404.920607: {"stream":"ftmusdt@bookTicker","data":{"u":800361342,"s":"FTMUSDT","b":"0.33992000","B":"11327.50000000","a":"0.34033000","A":"2746.10000000"}}
1628952404.961185: {"stream":"ftmusdt@bookTicker","data":{"u":800361344,"s":"FTMUSDT","b":"0.33992000","B":"11327.50000000","a":"0.34034000","A":"175.10000000"}}
1628952404.970687: {"stream":"ftmusdt@bookTicker","data":{"u":800361346,"s":"FTMUSDT","b":"0.33992000","B":"11327.50000000","a":"0.34034000","A":"2921.20000000"}}
1628952405.003136: {"stream":"ftmusdt@depth@100ms","data":{"e":"depthUpdate","E":1628952404971,"s":"FTMUSDT","U":800361340,"u":800361349,"b":[["0.33992000","11327.50000000"]],"a":[["0.34033000","0.00000000"],["0.34034000","2921.20000000"],["0.34036000","0.00000000"],["0.34070000","7972.20000000"],["0.34210000","216.00000000"],["0.34239000","7239.20000000"]]}}
1628952405.003284: {"stream":"badgerbtc@depth@100ms","data":{"e":"depthUpdate","E":1628952404972,"s":"BADGERBTC","U":49759214,"u":49759214,"b":[],"a":[["0.00058610","7.78000000"]]}}
1628952405.003339: {"stream":"xmrbtc@depth@100ms","data":{"e":"depthUpdate","E":1628952404972,"s":"XMRBTC","U":717720921,"u":717720921,"b":[],"a":[["0.00578200","0.00000000"]]}}
1628952405.047107: {"stream":"ftmusdt@bookTicker","data":{"u":800361352,"s":"FTMUSDT","b":"0.33996000","B":"1500.00000000","a":"0.34034000","A":"2921.20000000"}}
1628952405.049215: {"stream":"ftmusdt@bookTicker","data":{"u":800361353,"s":"FTMUSDT","b":"0.33996000","B":"1500.00000000","a":"0.34030000","A":"1500.00000000"}}
1628952405.104737: {"stream":"xmrbtc@depth@100ms","data":{"e":"depthUpdate","E":1628952405072,"s":"XMRBTC","U":717720922,"u":717720922,"b":[["0.00570400","4.02100000"]],"a":[]}}
1628952405.104862: {"stream":"ftmusdt@depth@100ms","data":{"e":"depthUpdate","E":1628952405072,"s":"FTMUSDT","U":800361350,"u":800361363,"b":[["0.33996000","1500.00000000"],["0.33994000","0.00000000"],["0.33993000","0.00000000"],["0.33992000","6705.40000000"],["0.33991000","0.00000000"],["0.33974000","7455.00000000"],["0.33945000","0.00000000"]],"a":[["0.34030000","1500.00000000"],["0.34033000","2338.30000000"],["0.34034000","175.10000000"],["0.34069000","13695.20000000"],["0.34073000","0.00000000"]]}}
1628952405.114275: {"stream":"ftmusdt@bookTicker","data":{"u":800361364,"s":"FTMUSDT","b":"0.33997000","B":"4594.50000000","a":"0.34030000","A":"1500.00000000"}}
1628952405.203742: {"stream":"ftmusdt@depth@100ms","data":{"e":"depthUpdate","E":1628952405172,"s":"FTMUSDT","U":800361364,"u":800361366,"b":[["0.33997000","4594.50000000"],["0.33963000","6762.10000000"]],"a":[["0.34070000","373.30000000"]]}}
1628952405.203913: {"stream":"xmrbtc@depth@100ms","data":{"e":"depthUpdate","E":1628952405172,"s":"XMRBTC","U":717720923,"u":717720923,"b":[],"a":[["0.00578200","11.54400000"]]}}
1628952405.304988: {"stream":"ftmusdt@depth@100ms","data":{"e":"depthUpdate","E":1628952405272,"s":"FTMUSDT","U":800361367,"u":800361373,"b":[["0.33978000","1468.70000000"],["0.33965000","0.00000000"],["0.33929000","900.00000000"],["0.33905000","0.00000000"]],"a":[["0.34043000","0.00000000"],["0.34053000","7976.10000000"],["0.34057000","1468.70000000"]]}}
1628952405.403744: {"stream":"ftmusdt@depth@100ms","data":{"e":"depthUpdate","E":1628952405372,"s":"FTMUSDT","U":800361374,"u":800361374,"b":[["0.33925000","2946.90000000"]],"a":[]}}
1628952405.4038882: {"stream":"sxpbtc@depth@100ms","data":{"e":"depthUpdate","E":1628952405372,"s":"SXPBTC","U":679669347,"u":679669348,"b":[["0.00007472","726.00000000"]],"a":[["0.00007487","532.00000000"]]}}
1628952405.505074: {"stream":"sxpbtc@depth@100ms","data":{"e":"depthUpdate","E":1628952405472,"s":"SXPBTC","U":679669349,"u":679669350,"b":[["0.00007467","1433.00000000"]],"a":[["0.00007491","243.00000000"]]}}
1628952405.505234: {"stream":"ftmusdt@depth@100ms","data":{"e":"depthUpdate","E":1628952405472,"s":"FTMUSDT","U":800361375,"u":800361375,"b":[["0.33938000","0.00000000"]],"a":[]}}
1628952405.634101: {"stream":"xmrbtc@bookTicker","data":{"u":717720924,"s":"XMRBTC","b":"0.00577300","B":"20.06000000","a":"0.00578000","A":"37.51000000"}}
1628952405.67241: {"stream":"ftmusdt@bookTicker","data":{"u":800361377,"s":"FTMUSDT","b":"0.33996000","B":"1500.00000000","a":"0.34030000","A":"1500.00000000"}}
1628952405.706028: {"stream":"ftmusdt@bookTicker","data":{"u":800361380,"s":"FTMUSDT","b":"0.33996000","B":"1500.00000000","a":"0.34029000","A":"2338.30000000"}}
1628952405.70611: {"stream":"xmrbtc@depth@100ms","data":{"e":"depthUpdate","E":1628952405672,"s":"XMRBTC","U":717720924,"u":717720925,"b":[["0.00577300","20.06000000"]],"a":[["0.00578200","0.00000000"]]}}
1628952405.7090402: {"stream":"ftmusdt@depth@100ms","data":{"e":"depthUpdate","E":1628952405672,"s":"FTMUSDT","U":800361376,"u":800361380,"b":[["0.33997000","0.00000000"],["0.33993000","4594.50000000"],["0.33724000","0.00000000"]],"a":[["0.34029000","2338.30000000"],["0.34033000","0.00000000"]]}}
1628952405.805353: {"stream":"ftmusdt@depth@100ms","data":{"e":"depthUpdate","E":1628952405772,"s":"FTMUSDT","U":800361381,"u":800361381,"b":[],"a":[["0.34235000","688.60000000"]]}}
1628952405.805482: {"stream":"badgerbtc@depth@100ms","data":{"e":"depthUpdate","E":1628952405772,"s":"BADGERBTC","U":49759215,"u":49759215,"b":[],"a":[["0.00058660","8.15000000"]]}}
1628952405.904642: {"stream":"sxpbtc@depth@100ms","data":{"e":"depthUpdate","E":1628952405872,"s":"SXPBTC","U":679669351,"u":679669351,"b":[],"a":[["0.00007492","146.00000000"]]}}
1628952405.904789: {"stream":"xmrbtc@depth@100ms","data":{"e":"depthUpdate","E":1628952405872,"s":"XMRBTC","U":717720926,"u":717720926,"b":[],"a":[["0.00578200","34.63200000"]]}}
1628952405.976543: {"stream":"ftmusdt@bookTicker","data":{"u":800361383,"s":"FTMUSDT","b":"0.33997000","B":"4594.60000000","a":"0.34029000","A":"2338.30000000"}}
1628952405.9970639: {"stream":"ftmusdt@bookTicker","data":{"u":800361384,"s":"FTMUSDT","b":"0.33996000","B":"1500.00000000","a":"0.34029000","A":"2338.30000000"}}
1628952406.005857: {"stream":"ftmusdt@depth@100ms","data":{"e":"depthUpdate","E":1628952405972,"s":"FTMUSDT","U":800361382,"u":800361384,"b":[["0.33997000","0.00000000"],["0.33993000","0.00000000"]],"a":[]}}
1628952406.012453: {"stream":"ftmusdt@bookTicker","data":{"u":800361386,"s":"FTMUSDT","b":"0.33996000","B":"1500.00000000","a":"0.34028000","A":"1565.60000000"}}
1628952406.035359: {"stream":"ftmusdt@bookTicker","data":{"u":800361390,"s":"FTMUSDT","b":"0.33996000","B":"1500.00000000","a":"0.34027000","A":"2338.30000000"}}
1628952406.0406988: {"stream":"ftmusdt@bookTicker","data":{"u":800361391,"s":"FTMUSDT","b":"0.33996000","B":"1500.00000000","a":"0.34024000","A":"1500.00000000"}}
1628952406.104887: {"stream":"ftmusdt@depth@100ms","data":{"e":"depthUpdate","E":1628952406072,"s":"FTMUSDT","U":800361385,"u":800361394,"b":[["0.33994000","1565.60000000"],["0.33993000","0.00000000"],["0.33974000","0.00000000"],["0.33963000","14217.10000000"]],"a":[["0.34024000","1500.00000000"],["0.34027000","2338.30000000"],["0.34028000","1565.60000000"],["0.34029000","0.00000000"],["0.34030000","0.00000000"]]}}
1628952406.10515: {"stream":"xmrbtc@depth@100ms","data":{"e":"depthUpdate","E":1628952406072,"s":"XMRBTC","U":717720927,"u":717720927,"b":[],"a":[["0.00578200","0.00000000"]]}}
1628952406.116462: {"stream":"xmrbtc@bookTicker","data":{"u":717720928,"s":"XMRBTC","b":"0.00577300","B":"51.88300000","a":"0.00578000","A":"37.51000000"}}
1628952406.204139: {"stream":"xmrbtc@depth@100ms","data":{"e":"depthUpdate","E":1628952406172,"s":"XMRBTC","U":717720928,"u":717720928,"b":[["0.00577300","51.88300000"]],"a":[]}}
1628952406.204268: {"stream":"ftmusdt@depth@100ms","data":{"e":"depthUpdate","E":1628952406172,"s":"FTMUSDT","U":800361395,"u":800361396,"b":[["0.33992000","0.00000000"]],"a":[["0.34034000","0.00000000"]]}}
1628952406.310474: {"stream":"ftmusdt@depth@100ms","data":{"e":"depthUpdate","E":1628952406272,"s":"FTMUSDT","U":800361397,"u":800361398,"b":[["0.33964000","151.40000000"]],"a":[["0.34027000","0.00000000"]]}}
1628952406.3105972: {"stream":"xmrbtc@depth@100ms","data":{"e":"depthUpdate","E":1628952406272,"s":"XMRBTC","U":717720929,"u":717720929,"b":[],"a":[["0.00578200","11.54400000"]]}}
1628952406.311671: {"stream":"ftmusdt@bookTicker","data":{"u":800361400,"s":"FTMUSDT","b":"0.33996000","B":"1500.00000000","a":"0.34023000","A":"2338.30000000"}}
1628952406.328236: {"stream":"ftmusdt@bookTicker","data":{"u":800361404,"s":"FTMUSDT","b":"0.33996000","B":"1500.00000000","a":"0.34019000","A":"1500.00000000"}}
1628952406.402708: {"stream":"ftmusdt@depth@100ms","data":{"e":"depthUpdate","E":1628952406372,"s":"FTMUSDT","U":800361399,"u":800361407,"b":[["0.33994000","0.00000000"],["0.33991000","4595.30000000"],["0.33963000","7455.00000000"],["0.33948000","590.10000000"],["0.33915000","0.00000000"]],"a":[["0.34019000","1500.00000000"],["0.34023000","2338.30000000"],["0.34024000","0.00000000"],["0.34059000","464.60000000"]]}}
1628952406.505968: {"stream":"ftmusdt@depth@100ms","data":{"e":"depthUpdate","E":1628952406472,"s":"FTMUSDT","U":800361408,"u":800361409,"b":[["0.33964000","0.00000000"]],"a":[["0.34028000","0.00000000"]]}}
1628952406.621446: {"stream":"sxpbtc@bookTicker","data":{"u":679669352,"s":"SXPBTC","b":"0.00007475","B":"120.00000000","a":"0.00007485","A":"18.00000000"}}
1628952406.621526: {"stream":"sxpbtc@kline_1m","data":{"e":"kline","E":1628952406590,"s":"SXPBTC","k":{"t":1628952360000,"T":1628952419999,"s":"SXPBTC","i":"1m","f":17567400,"L":17567404,"o":"0.00007477","c":"0.00007483","h":"0.00007483","l":"0.00007477","v":"314.00000000","n":5,"x":false,"q":"0.02348483","V":"314.00000000","Q":"0.02348483","B":"0"}}}
1628952406.621593: {"stream":"sxpbtc@aggTrade","data":{"e":"aggTrade","E":1628952406590,"s":"SXPBTC","a":14455211,"p":"0.00007483","q":"11.00000000","f":17567404,"l":17567404,"T":1628952406589,"m":false,"M":true}}
1628952406.7050261: {"stream":"ftmusdt@depth@100ms","data":{"e":"depthUpdate","E":1628952406672,"s":"FTMUSDT","U":800361410,"u":800361411,"b":[["0.33990000","1595.40000000"],["0.33948000","0.00000000"]],"a":[]}}
1628952406.705172: {"stream":"sxpbtc@depth@100ms","data":{"e":"depthUpdate","E":1628952406672,"s":"SXPBTC","U":679669352,"u":679669352,"b":[],"a":[["0.00007483","0.00000000"]]}}
1628952406.705226: {"stream":"xmrbtc@depth@100ms","data":{"e":"depthUpdate","E":1628952406672,"s":"XMRBTC","U":717720930,"u":717720931,"b":[["0.00577200","18.32800000"]],"a":[["0.00578700","31.29400000"]]}}
1628952406.805907: {"stream":"ftmusdt@depth@100ms","data":{"e":"depthUpdate","E":1628952406772,"s":"FTMUSDT","U":800361412,"u":800361412,"b":[],"a":[["0.34240000","125.00000000"]]}}
1628952406.8060522: {"stream":"sxpbtc@depth@100ms","data":{"e":"depthUpdate","E":1628952406772,"s":"SXPBTC","U":679669353,"u":679669353,"b":[],"a":[["0.00007488","165.00000000"]]}}
1628952406.906373: {"stream":"xmrbtc@depth@100ms","data":{"e":"depthUpdate","E":1628952406872,"s":"XMRBTC","U":717720932,"u":717720932,"b":[],"a":[["0.00578200","0.00000000"]]}}
1628952406.906523: {"stream":"badgerbtc@depth@100ms","data":{"e":"depthUpdate","E":1628952406872,"s":"BADGERBTC","U":49759216,"u":49759216,"b":[],"a":[["0.00058630","0.00000000"]]}}
1628952406.923966: {"stream":"badgerbtc@bookTicker","data":{"u":49759218,"s":"BADGERBTC","b":"0.00058350","B":"54.00000000","a":"0.00058660","A":"8.15000000"}}
1628952407.0040672: {"stream":"ftmusdt@depth@100ms","data":{"e":"depthUpdate","E":1628952406972,"s":"FTMUSDT","U":800361413,"u":800361416,"b":[["0.33926000","215.20000000"]],"a":[["0.34023000","0.00000000"],["0.34034000","2338.30000000"],["0.34074000","0.00000000"]]}}
1628952407.00421: {"stream":"badgerbtc@depth@100ms","data":{"e":"depthUpdate","E":1628952406972,"s":"BADGERBTC","U":49759217,"u":49759219,"b":[],"a":[["0.00058610","0.00000000"],["0.00058640","0.00000000"],["0.00058830","183.02000000"]]}}
1628952407.023443: {"stream":"ftmusdt@bookTicker","data":{"u":800361418,"s":"FTMUSDT","b":"0.33996000","B":"1500.00000000","a":"0.34030000","A":"1500.00000000"}}
1628952407.055617: {"stream":"ftmusdt@bookTicker","data":{"u":800361420,"s":"FTMUSDT","b":"0.33996000","B":"1500.00000000","a":"0.34029000","A":"175.10000000"}}
1628952407.0591722: {"stream":"ftmusdt@bookTicker","data":{"u":800361421,"s":"FTMUSDT","b":"0.33996000","B":"1500.00000000","a":"0.34029000","A":"2513.40000000"}}
1628952407.0661602: {"stream":"ftmusdt@bookTicker","data":{"u":800361423,"s":"FTMUSDT","b":"0.33996000","B":"1500.00000000","a":"0.34025000","A":"1500.00000000"}}
1628952407.1059358: {"stream":"ftmusdt@depth@100ms","data":{"e":"depthUpdate","E":1628952407073,"s":"FTMUSDT","U":800361417,"u":800361425,"b":[["0.33990000","29.80000000"]],"a":[["0.34019000","0.00000000"],["0.34025000","1500.00000000"],["0.34029000","2513.40000000"],["0.34030000","0.00000000"],["0.34034000","0.00000000"],["0.34047000","6950.00000000"]]}}
1628952407.106169: {"stream":"xmrbtc@depth@100ms","data":{"e":"depthUpdate","E":1628952407073,"s":"XMRBTC","U":717720933,"u":717720933,"b":[],"a":[["0.00578200","11.54200000"]]}}
1628952407.187644: {"stream":"badgerbtc@bookTicker","data":{"u":49759222,"s":"BADGERBTC","b":"0.00058350","B":"54.00000000","a":"0.00058650","A":"42.80000000"}}
1628952407.203341: {"stream":"badgerbtc@depth@100ms","data":{"e":"depthUpdate","E":1628952407172,"s":"BADGERBTC","U":49759220,"u":49759222,"b":[],"a":[["0.00058650","42.80000000"],["0.00058850","170.21000000"],["0.00058950","100.00000000"]]}}
1628952407.203825: {"stream":"ftmusdt@depth@100ms","data":{"e":"depthUpdate","E":1628952407173,"s":"FTMUSDT","U":800361426,"u":800361428,"b":[["0.33730000","0.00000000"]],"a":[["0.34028000","2338.30000000"],["0.34029000","175.10000000"]]}}
1628952407.23816: {"stream":"badgerbtc@bookTicker","data":{"u":49759223,"s":"BADGERBTC","b":"0.00058350","B":"54.00000000","a":"0.00058630","A":"7.83000000"}}
1628952407.305832: {"stream":"ftmusdt@depth@100ms","data":{"e":"depthUpdate","E":1628952407273,"s":"FTMUSDT","U":800361429,"u":800361429,"b":[],"a":[["0.34053000","373.30000000"]]}}
1628952407.30593: {"stream":"sxpbtc@depth@100ms","data":{"e":"depthUpdate","E":1628952407273,"s":"SXPBTC","U":679669354,"u":679669355,"b":[["0.00007473","731.00000000"]],"a":[["0.00007491","3.00000000"]]}}
1628952407.3059928: {"stream":"badgerbtc@depth@100ms","data":{"e":"depthUpdate","E":1628952407273,"s":"BADGERBTC","U":49759223,"u":49759223,"b":[],"a":[["0.00058630","7.83000000"]]}}
1628952407.367546: {"stream":"sxpbtc@bookTicker","data":{"u":679669358,"s":"SXPBTC","b":"0.00007475","B":"120.00000000","a":"0.00007485","A":"258.00000000"}}
1628952407.4044428: {"stream":"sxpbtc@depth@100ms","data":{"e":"depthUpdate","E":1628952407372,"s":"SXPBTC","U":679669356,"u":679669358,"b":[],"a":[["0.00007485","258.00000000"],["0.00007486","178.00000000"]]}}
1628952407.404578: {"stream":"xmrbtc@depth@100ms","data":{"e":"depthUpdate","E":1628952407373,"s":"XMRBTC","U":717720934,"u":717720935,"b":[["0.00577200","8.40900000"]],"a":[["0.00578800","33.69000000"]]}}
1628952407.503464: {"stream":"sxpbtc@depth@100ms","data":{"e":"depthUpdate","E":1628952407472,"s":"SXPBTC","U":679669359,"u":679669360,"b":[["0.00007472","118.00000000"]],"a":[["0.00007492","0.00000000"]]}}
1628952407.504086: {"stream":"ftmusdt@depth@100ms","data":{"e":"depthUpdate","E":1628952407473,"s":"FTMUSDT","U":800361430,"u":800361430,"b":[["0.33991000","0.00000000"]],"a":[]}}
1628952407.523679: {"stream":"ftmusdt@bookTicker","data":{"u":800361432,"s":"FTMUSDT","b":"0.33997000","B":"4595.20000000","a":"0.34025000","A":"1500.00000000"}}
1628952407.603636: {"stream":"badgerbtc@depth@100ms","data":{"e":"depthUpdate","E":1628952407572,"s":"BADGERBTC","U":49759224,"u":49759224,"b":[["0.00058230","0.53000000"]],"a":[]}}
1628952407.6037672: {"stream":"xmrbtc@depth@100ms","data":{"e":"depthUpdate","E":1628952407573,"s":"XMRBTC","U":717720936,"u":717720936,"b":[],"a":[["0.00578500","35.31700000"]]}}
1628952407.605482: {"stream":"ftmusdt@depth@100ms","data":{"e":"depthUpdate","E":1628952407573,"s":"FTMUSDT","U":800361431,"u":800361434,"b":[["0.33997000","4595.20000000"],["0.33964000","151.40000000"],["0.33944000","4966.00000000"],["0.33917000","0.00000000"]],"a":[]}}
1628952407.706433: {"stream":"ftmusdt@depth@100ms","data":{"e":"depthUpdate","E":1628952407673,"s":"FTMUSDT","U":800361435,"u":800361435,"b":[["0.33964000","0.00000000"]],"a":[]}}
1628952407.7065868: {"stream":"sxpbtc@depth@100ms","data":{"e":"depthUpdate","E":1628952407673,"s":"SXPBTC","U":679669361,"u":679669361,"b":[["0.00007474","262.00000000"]],"a":[]}}
1628952407.7066612: {"stream":"xmrbtc@depth@100ms","data":{"e":"depthUpdate","E":1628952407673,"s":"XMRBTC","U":717720937,"u":717720937,"b":[["0.00577200","43.02200000"]],"a":[]}}
1628952407.9043489: {"stream":"sxpbtc@depth@100ms","data":{"e":"depthUpdate","E":1628952407873,"s":"SXPBTC","U":679669362,"u":679669362,"b":[],"a":[["0.00007486","19.00000000"]]}}
1628952408.004679: {"stream":"badgerbtc@depth@100ms","data":{"e":"depthUpdate","E":1628952407973,"s":"BADGERBTC","U":49759225,"u":49759225,"b":[],"a":[["0.00058830","3.24000000"]]}}
1628952408.0047538: {"stream":"sxpbtc@depth@100ms","data":{"e":"depthUpdate","E":1628952407973,"s":"SXPBTC","U":679669363,"u":679669363,"b":[["0.00007389","11.00000000"]],"a":[]}}
1628952408.305162: {"stream":"xmrbtc@depth@100ms","data":{"e":"depthUpdate","E":1628952408273,"s":"XMRBTC","U":717720938,"u":717720939,"b":[["0.00576400","8.33100000"]],"a":[["0.00578600","32.91500000"]]}}
1628952408.305305: {"stream":"ftmusdt@depth@100ms","data":{"e":"depthUpdate","E":1628952408273,"s":"FTMUSDT","U":800361436,"u":800361438,"b":[],"a":[["0.34029000","0.00000000"],["0.34044000","1469.00000000"],["0.34057000","0.00000000"]]}}
1628952408.505412: {"stream":"xmrbtc@depth@100ms","data":{"e":"depthUpdate","E":1628952408473,"s":"XMRBTC","U":717720940,"u":717720941,"b":[["0.00576700","6.47000000"]],"a":[["0.00578400","3.86400000"]]}}
1628952408.505522: {"stream":"ftmusdt@depth@100ms","data":{"e":"depthUpdate","E":1628952408473,"s":"FTMUSDT","U":800361439,"u":800361439,"b":[],"a":[["0.34026000","2699.00000000"]]}}
1628952408.5202188: {"stream":"ftmusdt@bookTicker","data":{"u":800361441,"s":"FTMUSDT","b":"0.33997000","B":"4595.20000000","a":"0.34024000","A":"1565.60000000"}}
1628952408.538625: {"stream":"ftmusdt@bookTicker","data":{"u":800361443,"s":"FTMUSDT","b":"0.33997000","B":"4595.20000000","a":"0.34020000","A":"1500.00000000"}}
1628952408.591914: {"stream":"sxpbtc@bookTicker","data":{"u":679669365,"s":"SXPBTC","b":"0.00007475","B":"118.00000000","a":"0.00007485","A":"258.00000000"}}
1628952408.591973: {"stream":"sxpbtc@aggTrade","data":{"e":"aggTrade","E":1628952408561,"s":"SXPBTC","a":14455212,"p":"0.00007475","q":"2.00000000","f":17567405,"l":17567405,"T":1628952408561,"m":true,"M":true}}
1628952408.605503: {"stream":"ftmusdt@depth@100ms","data":{"e":"depthUpdate","E":1628952408573,"s":"FTMUSDT","U":800361440,"u":800361443,"b":[["0.33989000","1565.60000000"]],"a":[["0.34020000","1500.00000000"],["0.34024000","1565.60000000"],["0.34025000","0.00000000"]]}}
1628952408.605649: {"stream":"badgerbtc@depth@100ms","data":{"e":"depthUpdate","E":1628952408573,"s":"BADGERBTC","U":49759226,"u":49759226,"b":[["0.00058260","39.26000000"]],"a":[]}}
1628952408.605695: {"stream":"sxpbtc@depth@100ms","data":{"e":"depthUpdate","E":1628952408573,"s":"SXPBTC","U":679669364,"u":679669365,"b":[["0.00007475","118.00000000"],["0.00007474","81.00000000"]],"a":[]}}
1628952408.617364: {"stream":"sxpbtc@bookTicker","data":{"u":679669366,"s":"SXPBTC","b":"0.00007475","B":"299.00000000","a":"0.00007485","A":"258.00000000"}}
1628952408.649486: {"stream":"sxpbtc@bookTicker","data":{"u":679669367,"s":"SXPBTC","b":"0.00007475","B":"299.00000000","a":"0.00007485","A":"18.00000000"}}
1628952408.705045: {"stream":"sxpbtc@depth@100ms","data":{"e":"depthUpdate","E":1628952408673,"s":"SXPBTC","U":679669366,"u":679669367,"b":[["0.00007475","299.00000000"]],"a":[["0.00007485","18.00000000"]]}}
1628952408.8057: {"stream":"ftmusdt@depth@100ms","data":{"e":"depthUpdate","E":1628952408773,"s":"FTMUSDT","U":800361444,"u":800361444,"b":[["0.33480000","0.00000000"]],"a":[]}}
1628952408.805846: {"stream":"sxpbtc@depth@100ms","data":{"e":"depthUpdate","E":1628952408773,"s":"SXPBTC","U":679669368,"u":679669368,"b":[],"a":[["0.00007486","259.00000000"]]}}
1628952409.107332: {"stream":"ftmusdt@depth@100ms","data":{"e":"depthUpdate","E":1628952409073,"s":"FTMUSDT","U":800361445,"u":800361445,"b":[],"a":[["0.34024000","0.00000000"]]}}
1628952409.204706: {"stream":"badgerbtc@depth@100ms","data":{"e":"depthUpdate","E":1628952409173,"s":"BADGERBTC","U":49759227,"u":49759227,"b":[],"a":[["0.00058650","0.00000000"]]}}
1628952409.205157: {"stream":"sxpbtc@depth@100ms","data":{"e":"depthUpdate","E":1628952409173,"s":"SXPBTC","U":679669369,"u":679669369,"b":[["0.00007467","0.00000000"]],"a":[]}}
1628952409.218314: {"stream":"badgerbtc@bookTicker","data":{"u":49759228,"s":"BADGERBTC","b":"0.00058350","B":"54.00000000","a":"0.00058660","A":"8.15000000"}}
1628952409.304925: {"stream":"ftmusdt@depth@100ms","data":{"e":"depthUpdate","E":1628952409273,"s":"FTMUSDT","U":800361446,"u":800361448,"b":[],"a":[["0.34025000","0.00000000"],["0.34028000","0.00000000"]]}}
1628952409.305086: {"stream":"badgerbtc@depth@100ms","data":{"e":"depthUpdate","E":1628952409273,"s":"BADGERBTC","U":49759228,"u":49759228,"b":[],"a":[["0.00058630","0.00000000"]]}}
1628952409.4061482: {"stream":"badgerbtc@depth@100ms","data":{"e":"depthUpdate","E":1628952409373,"s":"BADGERBTC","U":49759229,"u":49759229,"b":[],"a":[["0.00058830","183.02000000"]]}}
1628952409.531528: {"stream":"badgerbtc@bookTicker","data":{"u":49759230,"s":"BADGERBTC","b":"0.00058350","B":"54.00000000","a":"0.00058650","A":"42.80000000"}}
1628952409.606412: {"stream":"badgerbtc@depth@100ms","data":{"e":"depthUpdate","E":1628952409573,"s":"BADGERBTC","U":49759230,"u":49759230,"b":[],"a":[["0.00058650","42.80000000"]]}}
1628952409.618358: {"stream":"badgerbtc@bookTicker","data":{"u":49759231,"s":"BADGERBTC","b":"0.00058350","B":"54.00000000","a":"0.00058630","A":"8.65000000"}}
1628952409.70776: {"stream":"ftmusdt@depth@100ms","data":{"e":"depthUpdate","E":1628952409674,"s":"FTMUSDT","U":800361449,"u":800361450,"b":[["0.33694000","32.60000000"],["0.33549000","0.00000000"]],"a":[]}}
1628952409.7079198: {"stream":"badgerbtc@depth@100ms","data":{"e":"depthUpdate","E":1628952409674,"s":"BADGERBTC","U":49759231,"u":49759231,"b":[],"a":[["0.00058630","8.65000000"]]}}
1628952409.8053288: {"stream":"ftmusdt@depth@100ms","data":{"e":"depthUpdate","E":1628952409773,"s":"FTMUSDT","U":800361451,"u":800361451,"b":[["0.33989000","0.00000000"]],"a":[]}}
1628952409.805475: {"stream":"xmrbtc@depth@100ms","data":{"e":"depthUpdate","E":1628952409774,"s":"XMRBTC","U":717720942,"u":717720942,"b":[["0.00577200","77.63500000"]],"a":[]}}
1628952409.9053152: {"stream":"sxpbtc@depth@100ms","data":{"e":"depthUpdate","E":1628952409874,"s":"SXPBTC","U":679669370,"u":679669370,"b":[["0.00007471","478.00000000"]],"a":[]}}
1628952410.00772: {"stream":"ftmusdt@depth@100ms","data":{"e":"depthUpdate","E":1628952409974,"s":"FTMUSDT","U":800361452,"u":800361452,"b":[["0.33899000","0.00000000"]],"a":[]}}
1628952410.10657: {"stream":"ftmusdt@depth@100ms","data":{"e":"depthUpdate","E":1628952410074,"s":"FTMUSDT","U":800361453,"u":800361453,"b":[["0.33386000","206258.20000000"]],"a":[]}}
1628952410.438565: {"stream":"xmrbtc@depth@100ms","data":{"e":"depthUpdate","E":1628952410374,"s":"XMRBTC","U":717720943,"u":717720943,"b":[],"a":[["0.00578500","0.69700000"]]}}
1628952410.438655: {"stream":"badgerbtc@depth@100ms","data":{"e":"depthUpdate","E":1628952410374,"s":"BADGERBTC","U":49759232,"u":49759232,"b":[],"a":[["0.00058830","3.24000000"]]}}
1628952410.4386969: {"stream":"ftmusdt@depth@100ms","data":{"e":"depthUpdate","E":1628952410374,"s":"FTMUSDT","U":800361454,"u":800361454,"b":[],"a":[["0.34026000","0.00000000"]]}}
1628952410.438751: {"stream":"ftmusdt@bookTicker","data":{"u":800361457,"s":"FTMUSDT","b":"0.33997000","B":"4595.20000000","a":"0.34031000","A":"1500.00000000"}}
1628952410.44809: {"stream":"ftmusdt@bookTicker","data":{"u":800361463,"s":"FTMUSDT","b":"0.33997000","B":"4595.20000000","a":"0.34030000","A":"2338.30000000"}}
1628952410.454017: {"stream":"ftmusdt@bookTicker","data":{"u":800361465,"s":"FTMUSDT","b":"0.33997000","B":"4595.20000000","a":"0.34026000","A":"1500.00000000"}}
1628952410.5063949: {"stream":"ftmusdt@depth@100ms","data":{"e":"depthUpdate","E":1628952410474,"s":"FTMUSDT","U":800361455,"u":800361471,"b":[["0.33968000","14280.90000000"],["0.33944000","0.00000000"],["0.33934000","9817.30000000"],["0.33888000","0.00000000"]],"a":[["0.34020000","0.00000000"],["0.34026000","1500.00000000"],["0.34030000","2338.30000000"],["0.34031000","0.00000000"],["0.34034000","0.00000000"],["0.34044000","9072.70000000"],["0.34150000","5138.70000000"],["0.34184000","9612.60000000"],["0.34190000","0.00000000"],["0.34220000","65.60000000"]]}}
1628952410.606457: {"stream":"xmrbtc@depth@100ms","data":{"e":"depthUpdate","E":1628952410574,"s":"XMRBTC","U":717720944,"u":717720945,"b":[],"a":[["0.00578300","5.70000000"]]}}
1628952410.606549: {"stream":"badgerbtc@depth@100ms","data":{"e":"depthUpdate","E":1628952410574,"s":"BADGERBTC","U":49759233,"u":49759233,"b":[],"a":[["0.00059530","0.00000000"]]}}
1628952410.806242: {"stream":"xmrbtc@depth@100ms","data":{"e":"depthUpdate","E":1628952410774,"s":"XMRBTC","U":717720946,"u":717720946,"b":[],"a":[["0.00578200","0.00000000"]]}}
1628952410.9075441: {"stream":"sxpbtc@depth@100ms","data":{"e":"depthUpdate","E":1628952410874,"s":"SXPBTC","U":679669371,"u":679669371,"b":[["0.00007469","269.00000000"]],"a":[]}}
1628952411.006281: {"stream":"xmrbtc@depth@100ms","data":{"e":"depthUpdate","E":1628952410974,"s":"XMRBTC","U":717720947,"u":717720947,"b":[],"a":[["0.00578200","11.54000000"]]}}
1628952411.033955: {"stream":"ftmusdt@bookTicker","data":{"u":800361472,"s":"FTMUSDT","b":"0.33997000","B":"4595.20000000","a":"0.34025000","A":"1565.60000000"}}
1628952411.049978: {"stream":"ftmusdt@bookTicker","data":{"u":800361473,"s":"FTMUSDT","b":"0.33997000","B":"4595.20000000","a":"0.34021000","A":"1500.00000000"}}
1628952411.106527: {"stream":"ftmusdt@depth@100ms","data":{"e":"depthUpdate","E":1628952411074,"s":"FTMUSDT","U":800361472,"u":800361474,"b":[],"a":[["0.34021000","1500.00000000"],["0.34025000","1565.60000000"],["0.34026000","0.00000000"]]}}
1628952411.340409: {"stream":"sxpbtc@kline_1m","data":{"e":"kline","E":1628952411296,"s":"SXPBTC","k":{"t":1628952360000,"T":1628952419999,"s":"SXPBTC","i":"1m","f":17567400,"L":17567405,"o":"0.00007477","c":"0.00007475","h":"0.00007483","l":"0.00007475","v":"316.00000000","n":6,"x":false,"q":"0.02363433","V":"314.00000000","Q":"0.02348483","B":"0"}}}
1628952411.406445: {"stream":"ftmusdt@depth@100ms","data":{"e":"depthUpdate","E":1628952411374,"s":"FTMUSDT","U":800361475,"u":800361475,"b":[["0.33753000","0.00000000"]],"a":[]}}
1628952411.406593: {"stream":"xmrbtc@depth@100ms","data":{"e":"depthUpdate","E":1628952411374,"s":"XMRBTC","U":717720948,"u":717720948,"b":[["0.00566800","0.09900000"]],"a":[]}}
1628952411.4066718: {"stream":"badgerbtc@depth@100ms","data":{"e":"depthUpdate","E":1628952411374,"s":"BADGERBTC","U":49759234,"u":49759234,"b":[],"a":[["0.00059490","244.79000000"]]}}
1628952411.5064409: {"stream":"xmrbtc@depth@100ms","data":{"e":"depthUpdate","E":1628952411474,"s":"XMRBTC","U":717720949,"u":717720949,"b":[],"a":[["0.00578200","0.00000000"]]}}
1628952411.506547: {"stream":"ftmusdt@depth@100ms","data":{"e":"depthUpdate","E":1628952411475,"s":"FTMUSDT","U":800361476,"u":800361476,"b":[],"a":[["0.34025000","0.00000000"]]}}
1628952411.524771: {"stream":"ftmusdt@bookTicker","data":{"u":800361478,"s":"FTMUSDT","b":"0.33997000","B":"4595.20000000","a":"0.34026000","A":"1500.00000000"}}
1628952411.6060438: {"stream":"badgerbtc@depth@100ms","data":{"e":"depthUpdate","E":1628952411574,"s":"BADGERBTC","U":49759235,"u":49759235,"b":[],"a":[["0.00058650","0.00000000"]]}}
1628952411.60619: {"stream":"ftmusdt@depth@100ms","data":{"e":"depthUpdate","E":1628952411574,"s":"FTMUSDT","U":800361477,"u":800361478,"b":[],"a":[["0.34021000","0.00000000"],["0.34026000","1500.00000000"]]}}
1628952411.6063201: {"stream":"sxpbtc@depth@100ms","data":{"e":"depthUpdate","E":1628952411575,"s":"SXPBTC","U":679669372,"u":679669372,"b":[["0.00007471","485.00000000"]],"a":[]}}
1628952411.627156: {"stream":"badgerbtc@bookTicker","data":{"u":49759236,"s":"BADGERBTC","b":"0.00058350","B":"54.00000000","a":"0.00058660","A":"8.15000000"}}
1628952411.707447: {"stream":"badgerbtc@depth@100ms","data":{"e":"depthUpdate","E":1628952411675,"s":"BADGERBTC","U":49759236,"u":49759237,"b":[],"a":[["0.00058630","0.00000000"],["0.00058830","183.02000000"]]}}
1628952411.707608: {"stream":"xmrbtc@depth@100ms","data":{"e":"depthUpdate","E":1628952411675,"s":"XMRBTC","U":717720950,"u":717720950,"b":[],"a":[["0.00578200","11.54000000"]]}}
1628952411.8063612: {"stream":"ftmusdt@depth@100ms","data":{"e":"depthUpdate","E":1628952411775,"s":"FTMUSDT","U":800361479,"u":800361479,"b":[["0.33773000","61187.00000000"]],"a":[]}}
1628952411.9195788: {"stream":"badgerbtc@bookTicker","data":{"u":49759238,"s":"BADGERBTC","b":"0.00058350","B":"54.00000000","a":"0.00058650","A":"42.80000000"}}
1628952411.987757: {"stream":"sxpbtc@bookTicker","data":{"u":679669374,"s":"SXPBTC","b":"0.00007475","B":"1030.00000000","a":"0.00007485","A":"18.00000000"}}
1628952412.005572: {"stream":"sxpbtc@depth@100ms","data":{"e":"depthUpdate","E":1628952411975,"s":"SXPBTC","U":679669373,"u":679669374,"b":[["0.00007475","1030.00000000"],["0.00007473","0.00000000"]],"a":[]}}
1628952412.005666: {"stream":"badgerbtc@depth@100ms","data":{"e":"depthUpdate","E":1628952411975,"s":"BADGERBTC","U":49759238,"u":49759238,"b":[],"a":[["0.00058650","42.80000000"]]}}
1628952412.0233002: {"stream":"badgerbtc@bookTicker","data":{"u":49759239,"s":"BADGERBTC","b":"0.00058350","B":"54.00000000","a":"0.00058630","A":"8.52000000"}}
1628952412.106116: {"stream":"badgerbtc@depth@100ms","data":{"e":"depthUpdate","E":1628952412075,"s":"BADGERBTC","U":49759239,"u":49759239,"b":[],"a":[["0.00058630","8.52000000"]]}}
1628952412.106267: {"stream":"xmrbtc@depth@100ms","data":{"e":"depthUpdate","E":1628952412075,"s":"XMRBTC","U":717720951,"u":717720951,"b":[],"a":[["0.00578500","35.31400000"]]}}
1628952412.307294: {"stream":"sxpbtc@depth@100ms","data":{"e":"depthUpdate","E":1628952412275,"s":"SXPBTC","U":679669375,"u":679669375,"b":[],"a":[["0.00007486","19.00000000"]]}}
1628952412.307424: {"stream":"ftmusdt@depth@100ms","data":{"e":"depthUpdate","E":1628952412275,"s":"FTMUSDT","U":800361480,"u":800361480,"b":[["0.33993000","1565.60000000"]],"a":[]}}
1628952412.3075159: {"stream":"xmrbtc@depth@100ms","data":{"e":"depthUpdate","E":1628952412275,"s":"XMRBTC","U":717720952,"u":717720952,"b":[],"a":[["0.00578500","0.69700000"]]}}
1628952412.399863: {"stream":"ftmusdt@bookTicker","data":{"u":800361483,"s":"FTMUSDT","b":"0.33996000","B":"1500.00000000","a":"0.34026000","A":"1500.00000000"}}
1628952412.40308: {"stream":"ftmusdt@bookTicker","data":{"u":800361484,"s":"FTMUSDT","b":"0.33996000","B":"1500.00000000","a":"0.34025000","A":"4066.00000000"}}
1628952412.406838: {"stream":"ftmusdt@depth@100ms","data":{"e":"depthUpdate","E":1628952412375,"s":"FTMUSDT","U":800361481,"u":800361484,"b":[["0.33997000","0.00000000"],["0.33968000","9314.90000000"],["0.33861000","0.00000000"]],"a":[["0.34025000","4066.00000000"]]}}
1628952412.407048: {"stream":"sxpbtc@depth@100ms","data":{"e":"depthUpdate","E":1628952412375,"s":"SXPBTC","U":679669376,"u":679669376,"b":[],"a":[["0.00007491","243.00000000"]]}}
1628952412.4071171: {"stream":"xmrbtc@depth@100ms","data":{"e":"depthUpdate","E":1628952412375,"s":"XMRBTC","U":717720953,"u":717720953,"b":[],"a":[["0.00578200","0.00000000"]]}}
1628952412.413357: {"stream":"ftmusdt@bookTicker","data":{"u":800361489,"s":"FTMUSDT","b":"0.33997000","B":"4595.00000000","a":"0.34025000","A":"4066.00000000"}}
1628952412.4195871: {"stream":"ftmusdt@bookTicker","data":{"u":800361494,"s":"FTMUSDT","b":"0.33997000","B":"4595.00000000","a":"0.34021000","A":"1500.00000000"}}
1628952412.423877: {"stream":"ftmusdt@bookTicker","data":{"u":800361495,"s":"FTMUSDT","b":"0.33990000","B":"29.80000000","a":"0.34021000","A":"1500.00000000"}}
1628952412.4367008: {"stream":"ftmusdt@bookTicker","data":{"u":800361497,"s":"FTMUSDT","b":"0.33990000","B":"29.80000000","a":"0.34020000","A":"2338.30000000"}}
1628952412.440952: {"stream":"ftmusdt@bookTicker","data":{"u":800361500,"s":"FTMUSDT","b":"0.33990000","B":"29.80000000","a":"0.34021000","A":"1500.00000000"}}
1628952412.446374: {"stream":"ftmusdt@bookTicker","data":{"u":800361501,"s":"FTMUSDT","b":"0.33990000","B":"29.80000000","a":"0.34016000","A":"1500.00000000"}}
1628952412.4612632: {"stream":"ftmusdt@bookTicker","data":{"u":800361507,"s":"FTMUSDT","b":"0.33990000","B":"29.80000000","a":"0.34021000","A":"1500.00000000"}}
1628952412.468719: {"stream":"ftmusdt@bookTicker","data":{"u":800361509,"s":"FTMUSDT","b":"0.33990000","B":"29.80000000","a":"0.34019000","A":"2338.30000000"}}
1628952412.475111: {"stream":"ftmusdt@bookTicker","data":{"u":800361510,"s":"FTMUSDT","b":"0.33990000","B":"29.80000000","a":"0.34021000","A":"1500.00000000"}}
1628952412.4772081: {"stream":"ftmusdt@bookTicker","data":{"u":800361511,"s":"FTMUSDT","b":"0.33990000","B":"29.80000000","a":"0.34025000","A":"4066.00000000"}}
1628952412.4793532: {"stream":"ftmusdt@bookTicker","data":{"u":800361512,"s":"FTMUSDT","b":"0.33990000","B":"29.80000000","a":"0.34015000","A":"1500.00000000"}}
1628952412.49221: {"stream":"ftmusdt@bookTicker","data":{"u":800361516,"s":"FTMUSDT","b":"0.33990000","B":"29.80000000","a":"0.34018000","A":"2338.30000000"}}
1628952412.495378: {"stream":"ftmusdt@bookTicker","data":{"u":800361518,"s":"FTMUSDT","b":"0.33990000","B":"29.80000000","a":"0.34021000","A":"1500.00000000"}}
1628952412.4996538: {"stream":"ftmusdt@bookTicker","data":{"u":800361520,"s":"FTMUSDT","b":"0.33990000","B":"29.80000000","a":"0.34014000","A":"1500.00000000"}}
1628952412.505007: {"stream":"ftmusdt@bookTicker","data":{"u":800361521,"s":"FTMUSDT","b":"0.33990000","B":"29.80000000","a":"0.34021000","A":"1500.00000000"}}
1628952412.505675: {"stream":"sxpbtc@depth@100ms","data":{"e":"depthUpdate","E":1628952412475,"s":"SXPBTC","U":679669377,"u":679669377,"b":[["0.00007412","0.00000000"]],"a":[]}}
