wss://stream.binance.com:9443/stream?streams=swrvbusd@aggTrade/veteth@aggTrade/gtobtc@aggTrade/busdtry@aggTrade/qspbtc@aggTrade/adarub@aggTrade/perlbnb@aggTrade/aaveupusdt@aggTrade/onttry@aggTrade/steemeth@aggTrade/swrvbusd@kline_1m/veteth@kline_1m/gtobtc@kline_1m/busdtry@kline_1m/qspbtc@kline_1m/adarub@kline_1m/perlbnb@kline_1m/aaveupusdt@kline_1m/onttry@kline_1m/steemeth@kline_1m/swrvbusd@depth@100ms/veteth@depth@100ms/gtobtc@depth@100ms/busdtry@depth@100ms/qspbtc@depth@100ms/adarub@depth@100ms/perlbnb@depth@100ms/aaveupusdt@depth@100ms/onttry@depth@100ms/steemeth@depth@100ms/swrvbusd@bookTicker/veteth@bookTicker/gtobtc@bookTicker/busdtry@bookTicker/qspbtc@bookTicker/adarub@bookTicker/perlbnb@bookTicker/aaveupusdt@bookTicker/onttry@bookTicker/steemeth@bookTicker <-> 1618677371.364407
1618677372.1768699: {"stream":"busdtry@depth@100ms","data":{"e":"depthUpdate","E":1618677372122,"s":"BUSDTRY","U":10166139,"u":10166139,"b":[],"a":[["8.14000000","107821.20000000"]]}}
1618677372.5104241: {"stream":"swrvbusd@bookTicker","data":{"u":64830107,"s":"SWRVBUSD","b":"2.27200000","B":"218.40800000","a":"2.27700000","A":"1.19200000"}}
1618677372.510464: {"stream":"swrvbusd@bookTicker","data":{"u":64830110,"s":"SWRVBUSD","b":"2.27200000","B":"218.40800000","a":"2.27600000","A":"42.41700000"}}
1618677372.510485: {"stream":"swrvbusd@depth@100ms","data":{"e":"depthUpdate","E":1618677372222,"s":"SWRVBUSD","U":64830106,"u":64830110,"b":[["2.27000000","95.46200000"],["2.26800000","127.44300000"],["2.26500000","0.00000000"],["2.26400000","319.69100000"]],"a":[["2.27600000","42.41700000"]]}}
1618677372.719688: {"stream":"veteth@bookTicker","data":{"u":327912856,"s":"VETETH","b":"0.00009381","B":"95017.00000000","a":"0.00009401","A":"88406.00000000"}}
1618677372.719716: {"stream":"veteth@depth@100ms","data":{"e":"depthUpdate","E":1618677372321,"s":"VETETH","U":327912855,"u":327912858,"b":[["0.00009381","95017.00000000"],["0.00009374","0.00000000"],["0.00009372","0.00000000"]],"a":[]}}
1618677372.9304278: {"stream":"swrvbusd@depth@100ms","data":{"e":"depthUpdate","E":1618677372322,"s":"SWRVBUSD","U":64830111,"u":64830111,"b":[["2.27100000","166.33400000"]],"a":[]}}
1618677372.930447: {"stream":"veteth@bookTicker","data":{"u":327912859,"s":"VETETH","b":"0.00009380","B":"4016.00000000","a":"0.00009401","A":"88406.00000000"}}
1618677372.9304671: {"stream":"veteth@depth@100ms","data":{"e":"depthUpdate","E":1618677372421,"s":"VETETH","U":327912859,"u":327912864,"b":[["0.00009381","0.00000000"],["0.00009372","95017.00000000"]],"a":[]}}
1618677372.930478: {"stream":"veteth@depth@100ms","data":{"e":"depthUpdate","E":1618677372521,"s":"VETETH","U":327912865,"u":327912866,"b":[["0.00009373","95017.00000000"],["0.00009372","0.00000000"]],"a":[]}}
1618677372.930486: {"stream":"qspbtc@depth@100ms","data":{"e":"depthUpdate","E":1618677372522,"s":"QSPBTC","U":105811205,"u":105811205,"b":[["0.00000158","24324.00000000"]],"a":[]}}
1618677373.130495: {"stream":"aaveupusdt@depth@100ms","data":{"e":"depthUpdate","E":1618677372522,"s":"AAVEUPUSDT","U":82463711,"u":82463716,"b":[["84.39200000","0.00000000"],["84.23900000","9.90000000"],["84.11800000","0.74000000"],["83.66400000","0.27000000"]],"a":[["85.40400000","0.00000000"],["85.49900000","2.57000000"]]}}
1618677373.661197: {"stream":"veteth@bookTicker","data":{"u":327912869,"s":"VETETH","b":"0.00009381","B":"95017.00000000","a":"0.00009401","A":"88406.00000000"}}
1618677373.6612291: {"stream":"aaveupusdt@bookTicker","data":{"u":82463718,"s":"AAVEUPUSDT","b":"84.39100000","B":"11.85000000","a":"84.69900000","A":"0.39000000"}}
1618677373.661246: {"stream":"aaveupusdt@bookTicker","data":{"u":82463719,"s":"AAVEUPUSDT","b":"84.39200000","B":"0.25000000","a":"84.69900000","A":"0.39000000"}}
1618677373.661258: {"stream":"veteth@depth@100ms","data":{"e":"depthUpdate","E":1618677372621,"s":"VETETH","U":327912867,"u":327912869,"b":[["0.00009381","95017.00000000"],["0.00009373","0.00000000"],["0.00008086","0.00000000"]],"a":[]}}
1618677373.661271: {"stream":"aaveupusdt@depth@100ms","data":{"e":"depthUpdate","E":1618677372622,"s":"AAVEUPUSDT","U":82463717,"u":82463719,"b":[["84.39300000","0.00000000"],["84.39200000","0.25000000"]],"a":[["85.49900000","0.00000000"]]}}
1618677373.661282: {"stream":"aaveupusdt@depth@100ms","data":{"e":"depthUpdate","E":1618677372722,"s":"AAVEUPUSDT","U":82463720,"u":82463720,"b":[["83.91100000","121.07000000"]],"a":[]}}
1618677373.6612911: {"stream":"aaveupusdt@bookTicker","data":{"u":82463721,"s":"AAVEUPUSDT","b":"84.39400000","B":"0.17000000","a":"84.69900000","A":"0.39000000"}}
1618677373.661303: {"stream":"swrvbusd@bookTicker","data":{"u":64830113,"s":"SWRVBUSD","b":"2.27200000","B":"218.40800000","a":"2.27700000","A":"1.19200000"}}
1618677373.661314: {"stream":"aaveupusdt@bookTicker","data":{"u":82463723,"s":"AAVEUPUSDT","b":"84.39500000","B":"0.25000000","a":"84.69900000","A":"0.39000000"}}
1618677373.661325: {"stream":"veteth@depth@100ms","data":{"e":"depthUpdate","E":1618677372822,"s":"VETETH","U":327912870,"u":327912870,"b":[],"a":[["0.00009963","992.00000000"]]}}
1618677373.661334: {"stream":"swrvbusd@depth@100ms","data":{"e":"depthUpdate","E":1618677372822,"s":"SWRVBUSD","U":64830112,"u":64830113,"b":[["2.19000000","114.15500000"]],"a":[["2.27600000","0.00000000"]]}}
1618677373.661397: {"stream":"aaveupusdt@depth@100ms","data":{"e":"depthUpdate","E":1618677372822,"s":"AAVEUPUSDT","U":82463721,"u":82463723,"b":[["84.39500000","0.25000000"],["84.39400000","0.17000000"],["84.39200000","0.00000000"]],"a":[]}}
1618677373.6614091: {"stream":"swrvbusd@bookTicker","data":{"u":64830114,"s":"SWRVBUSD","b":"2.27200000","B":"218.40800000","a":"2.27600000","A":"42.41700000"}}
1618677373.661421: {"stream":"swrvbusd@depth@100ms","data":{"e":"depthUpdate","E":1618677372922,"s":"SWRVBUSD","U":64830114,"u":64830114,"b":[],"a":[["2.27600000","42.41700000"]]}}
1618677373.661449: {"stream":"veteth@depth@100ms","data":{"e":"depthUpdate","E":1618677373022,"s":"VETETH","U":327912871,"u":327912872,"b":[["0.00009353","296.00000000"]],"a":[["0.00009415","2680.00000000"]]}}
1618677373.6614752: {"stream":"swrvbusd@depth@100ms","data":{"e":"depthUpdate","E":1618677373022,"s":"SWRVBUSD","U":64830115,"u":64830115,"b":[["2.19700000","201.36300000"]],"a":[]}}
1618677373.661495: {"stream":"veteth@depth@100ms","data":{"e":"depthUpdate","E":1618677373122,"s":"VETETH","U":327912873,"u":327912875,"b":[["0.00008111","38038.00000000"]],"a":[["0.00009402","0.00000000"],["0.00009962","251.00000000"]]}}
1618677373.661535: {"stream":"veteth@bookTicker","data":{"u":327912876,"s":"VETETH","b":"0.00009381","B":"95017.00000000","a":"0.00009404","A":"9006.00000000"}}
1618677373.6615481: {"stream":"veteth@bookTicker","data":{"u":327912877,"s":"VETETH","b":"0.00009381","B":"95017.00000000","a":"0.00009403","A":"88406.00000000"}}
1618677373.661559: {"stream":"veteth@depth@100ms","data":{"e":"depthUpdate","E":1618677373222,"s":"VETETH","U":327912876,"u":327912877,"b":[],"a":[["0.00009401","0.00000000"],["0.00009403","88406.00000000"]]}}
1618677373.661591: {"stream":"swrvbusd@bookTicker","data":{"u":64830117,"s":"SWRVBUSD","b":"2.27200000","B":"218.40800000","a":"2.27700000","A":"1.19200000"}}
1618677373.6616042: {"stream":"swrvbusd@bookTicker","data":{"u":64830121,"s":"SWRVBUSD","b":"2.27200000","B":"218.40800000","a":"2.27600000","A":"42.41700000"}}
1618677373.6616142: {"stream":"veteth@depth@100ms","data":{"e":"depthUpdate","E":1618677373422,"s":"VETETH","U":327912878,"u":327912878,"b":[["0.00009271","547.00000000"]],"a":[]}}
1618677373.661634: {"stream":"swrvbusd@depth@100ms","data":{"e":"depthUpdate","E":1618677373422,"s":"SWRVBUSD","U":64830116,"u":64830121,"b":[["2.27100000","166.34100000"],["2.26900000","182.20000000"],["2.26800000","127.45100000"]],"a":[["2.27600000","42.41700000"]]}}
1618677373.661669: {"stream":"veteth@depth@100ms","data":{"e":"depthUpdate","E":1618677373522,"s":"VETETH","U":327912879,"u":327912879,"b":[["0.00009272","76304.00000000"]],"a":[]}}
1618677373.661689: {"stream":"aaveupusdt@depth@100ms","data":{"e":"depthUpdate","E":1618677373522,"s":"AAVEUPUSDT","U":82463724,"u":82463724,"b":[],"a":[["85.40400000","2.57000000"]]}}
1618677373.677193: {"stream":"aaveupusdt@bookTicker","data":{"u":82463727,"s":"AAVEUPUSDT","b":"84.39200000","B":"0.25000000","a":"84.69900000","A":"0.39000000"}}
1618677373.6821718: {"stream":"aaveupusdt@depth@100ms","data":{"e":"depthUpdate","E":1618677373622,"s":"AAVEUPUSDT","U":82463725,"u":82463727,"b":[["84.39500000","0.00000000"],["84.39400000","0.00000000"],["84.39200000","0.25000000"]],"a":[]}}
1618677374.0321941: {"stream":"swrvbusd@kline_1m","data":{"e":"kline","E":1618677373907,"s":"SWRVBUSD","k":{"t":1618677360000,"T":1618677419999,"s":"SWRVBUSD","i":"1m","f":1135631,"L":1135631,"o":"2.27700000","c":"2.27700000","h":"2.27700000","l":"2.27700000","v":"9.82600000","n":1,"x":false,"q":"22.37380200","V":"0.00000000","Q":"0.00000000","B":"0"}}}
1618677374.032321: {"stream":"swrvbusd@bookTicker","data":{"u":64830123,"s":"SWRVBUSD","b":"2.27200000","B":"218.40800000","a":"2.27600000","A":"20.45400000"}}
1618677374.032366: {"stream":"swrvbusd@aggTrade","data":{"e":"aggTrade","E":1618677373913,"s":"SWRVBUSD","a":749094,"p":"2.27600000","q":"21.96300000","f":1135632,"l":1135632,"T":1618677373912,"m":false,"M":true}}
1618677374.0323951: {"stream":"swrvbusd@bookTicker","data":{"u":64830124,"s":"SWRVBUSD","b":"2.27200000","B":"218.40800000","a":"2.27700000","A":"1.19200000"}}
1618677374.032413: {"stream":"swrvbusd@depth@100ms","data":{"e":"depthUpdate","E":1618677373922,"s":"SWRVBUSD","U":64830122,"u":64830124,"b":[["2.15300000","0.00000000"]],"a":[["2.27600000","0.00000000"]]}}
1618677374.041881: {"stream":"swrvbusd@bookTicker","data":{"u":64830125,"s":"SWRVBUSD","b":"2.27300000","B":"21.99200000","a":"2.27700000","A":"1.19200000"}}
1618677374.041963: {"stream":"swrvbusd@bookTicker","data":{"u":64830126,"s":"SWRVBUSD","b":"2.27300000","B":"21.99200000","a":"2.27600000","A":"20.45400000"}}
1618677374.083061: {"stream":"veteth@depth@100ms","data":{"e":"depthUpdate","E":1618677374022,"s":"VETETH","U":327912880,"u":327912880,"b":[["0.00009355","2064.00000000"]],"a":[]}}
1618677374.083214: {"stream":"swrvbusd@depth@100ms","data":{"e":"depthUpdate","E":1618677374022,"s":"SWRVBUSD","U":64830125,"u":64830126,"b":[["2.27300000","21.99200000"]],"a":[["2.27600000","20.45400000"]]}}
1618677374.1837702: {"stream":"aaveupusdt@depth@100ms","data":{"e":"depthUpdate","E":1618677374123,"s":"AAVEUPUSDT","U":82463728,"u":82463728,"b":[["83.95700000","0.00000000"]],"a":[]}}
1618677374.20286: {"stream":"veteth@bookTicker","data":{"u":327912881,"s":"VETETH","b":"0.00009381","B":"95017.00000000","a":"0.00009402","A":"20330.00000000"}}
1618677374.232706: {"stream":"veteth@bookTicker","data":{"u":327912883,"s":"VETETH","b":"0.00009381","B":"95017.00000000","a":"0.00009401","A":"88406.00000000"}}
1618677374.277387: {"stream":"veteth@depth@100ms","data":{"e":"depthUpdate","E":1618677374222,"s":"VETETH","U":327912881,"u":327912885,"b":[["0.00009352","0.00000000"],["0.00009350","142391.00000000"]],"a":[["0.00009401","88406.00000000"],["0.00009402","20330.00000000"],["0.00009403","0.00000000"]]}}
1618677374.277608: {"stream":"swrvbusd@depth@100ms","data":{"e":"depthUpdate","E":1618677374222,"s":"SWRVBUSD","U":64830127,"u":64830127,"b":[["2.16900000","22650.29100000"]],"a":[]}}
1618677374.377533: {"stream":"swrvbusd@depth@100ms","data":{"e":"depthUpdate","E":1618677374322,"s":"SWRVBUSD","U":64830128,"u":64830129,"b":[["2.27200000","0.00000000"],["2.19000000","0.00000000"]],"a":[]}}
1618677374.377651: {"stream":"aaveupusdt@depth@100ms","data":{"e":"depthUpdate","E":1618677374323,"s":"AAVEUPUSDT","U":82463729,"u":82463729,"b":[],"a":[["85.40400000","0.00000000"]]}}
1618677374.4773288: {"stream":"swrvbusd@depth@100ms","data":{"e":"depthUpdate","E":1618677374422,"s":"SWRVBUSD","U":64830130,"u":64830130,"b":[["2.27200000","6.15500000"]],"a":[]}}
1618677374.5797892: {"stream":"swrvbusd@depth@100ms","data":{"e":"depthUpdate","E":1618677374522,"s":"SWRVBUSD","U":64830131,"u":64830131,"b":[["2.27100000","133.36000000"],["2.26800000","95.75000000"]],"a":[]}}
1618677374.5799282: {"stream":"aaveupusdt@depth@100ms","data":{"e":"depthUpdate","E":1618677374523,"s":"AAVEUPUSDT","U":82463730,"u":82463731,"b":[["84.11900000","2.57000000"]],"a":[["85.49900000","2.57000000"]]}}
1618677374.5800278: {"stream":"swrvbusd@bookTicker","data":{"u":64830132,"s":"SWRVBUSD","b":"2.27200000","B":"6.15500000","a":"2.27600000","A":"20.45400000"}}
1618677374.5800672: {"stream":"swrvbusd@bookTicker","data":{"u":64830133,"s":"SWRVBUSD","b":"2.27200000","B":"6.15500000","a":"2.27700000","A":"1.19200000"}}
1618677374.585494: {"stream":"swrvbusd@bookTicker","data":{"u":64830134,"s":"SWRVBUSD","b":"2.27200000","B":"224.56300000","a":"2.27700000","A":"1.19200000"}}
1618677374.5914838: {"stream":"busdtry@kline_1m","data":{"e":"kline","E":1618677374538,"s":"BUSDTRY","k":{"t":1618677360000,"T":1618677419999,"s":"BUSDTRY","i":"1m","f":1734546,"L":1734548,"o":"8.14000000","c":"8.13000000","h":"8.14000000","l":"8.13000000","v":"347.29000000","n":3,"x":false,"q":"2823.82770000","V":"36.00000000","Q":"293.04000000","B":"0"}}}
1618677374.591614: {"stream":"busdtry@aggTrade","data":{"e":"aggTrade","E":1618677374538,"s":"BUSDTRY","a":1491245,"p":"8.13000000","q":"103.87000000","f":1734548,"l":1734548,"T":1618677374535,"m":true,"M":true}}
1618677374.593749: {"stream":"busdtry@bookTicker","data":{"u":10166140,"s":"BUSDTRY","b":"8.13000000","B":"125121.95000000","a":"8.14000000","A":"107821.20000000"}}
1618677374.6517088: {"stream":"swrvbusd@bookTicker","data":{"u":64830138,"s":"SWRVBUSD","b":"2.27300000","B":"21.99200000","a":"2.27700000","A":"1.19200000"}}
1618677374.6565409: {"stream":"swrvbusd@bookTicker","data":{"u":64830139,"s":"SWRVBUSD","b":"2.27300000","B":"21.99200000","a":"2.27600000","A":"20.45400000"}}
1618677374.671587: {"stream":"gtobtc@bookTicker","data":{"u":137196723,"s":"GTOBTC","b":"0.00000162","B":"49627.00000000","a":"0.00000163","A":"345860.00000000"}}
1618677374.678427: {"stream":"swrvbusd@depth@100ms","data":{"e":"depthUpdate","E":1618677374622,"s":"SWRVBUSD","U":64830132,"u":64830139,"b":[["2.27300000","21.99200000"],["2.27200000","224.56300000"],["2.27000000","128.43600000"],["2.26900000","213.89300000"],["2.19700000","315.15500000"]],"a":[["2.27600000","20.45400000"]]}}
1618677374.6785972: {"stream":"gtobtc@depth@100ms","data":{"e":"depthUpdate","E":1618677374623,"s":"GTOBTC","U":137196723,"u":137196723,"b":[["0.00000162","49627.00000000"]],"a":[]}}
1618677375.181122: {"stream":"busdtry@depth@100ms","data":{"e":"depthUpdate","E":1618677374623,"s":"BUSDTRY","U":10166140,"u":10166140,"b":[["8.13000000","125121.95000000"]],"a":[]}}
1618677375.181174: {"stream":"aaveupusdt@depth@100ms","data":{"e":"depthUpdate","E":1618677374723,"s":"AAVEUPUSDT","U":82463732,"u":82463734,"b":[["84.11900000","0.00000000"],["80.68700000","0.56000000"]],"a":[["85.49900000","0.00000000"]]}}
1618677375.181231: {"stream":"qspbtc@depth@100ms","data":{"e":"depthUpdate","E":1618677374922,"s":"QSPBTC","U":105811206,"u":105811206,"b":[["0.00000156","15323.00000000"]],"a":[]}}
1618677375.181259: {"stream":"swrvbusd@depth@100ms","data":{"e":"depthUpdate","E":1618677374923,"s":"SWRVBUSD","U":64830140,"u":64830140,"b":[["2.18700000","54.87000000"]],"a":[]}}
1618677375.181282: {"stream":"veteth@depth@100ms","data":{"e":"depthUpdate","E":1618677375022,"s":"VETETH","U":327912886,"u":327912886,"b":[],"a":[["0.00009411","4388.00000000"]]}}
1618677375.181304: {"stream":"swrvbusd@depth@100ms","data":{"e":"depthUpdate","E":1618677375023,"s":"SWRVBUSD","U":64830141,"u":64830141,"b":[["2.27200000","6.15500000"]],"a":[]}}
1618677375.1813262: {"stream":"swrvbusd@bookTicker","data":{"u":64830143,"s":"SWRVBUSD","b":"2.27200000","B":"6.15500000","a":"2.27600000","A":"20.45400000"}}
1618677375.181342: {"stream":"swrvbusd@bookTicker","data":{"u":64830144,"s":"SWRVBUSD","b":"2.27200000","B":"6.15500000","a":"2.27700000","A":"1.19200000"}}
1618677375.181685: {"stream":"swrvbusd@depth@100ms","data":{"e":"depthUpdate","E":1618677375123,"s":"SWRVBUSD","U":64830142,"u":64830145,"b":[["2.27300000","0.00000000"],["2.26900000","31.69300000"],["2.19500000","55.12500000"]],"a":[["2.27600000","0.00000000"]]}}
1618677375.181757: {"stream":"aaveupusdt@depth@100ms","data":{"e":"depthUpdate","E":1618677375123,"s":"AAVEUPUSDT","U":82463735,"u":82463735,"b":[],"a":[["85.13300000","0.00000000"]]}}
1618677375.191947: {"stream":"swrvbusd@bookTicker","data":{"u":64830146,"s":"SWRVBUSD","b":"2.27200000","B":"224.56300000","a":"2.27700000","A":"1.19200000"}}
1618677375.223924: {"stream":"veteth@bookTicker","data":{"u":327912887,"s":"VETETH","b":"0.00009381","B":"95017.00000000","a":"0.00009402","A":"20330.00000000"}}
1618677375.229515: {"stream":"swrvbusd@bookTicker","data":{"u":64830147,"s":"SWRVBUSD","b":"2.27300000","B":"21.99200000","a":"2.27700000","A":"1.19200000"}}
1618677375.229599: {"stream":"swrvbusd@bookTicker","data":{"u":64830148,"s":"SWRVBUSD","b":"2.27300000","B":"21.99200000","a":"2.27600000","A":"20.45400000"}}
1618677375.231759: {"stream":"aaveupusdt@bookTicker","data":{"u":82463736,"s":"AAVEUPUSDT","b":"84.39300000","B":"0.17000000","a":"84.69900000","A":"0.39000000"}}
1618677375.2424629: {"stream":"aaveupusdt@bookTicker","data":{"u":82463738,"s":"AAVEUPUSDT","b":"84.39300000","B":"10.77000000","a":"84.69900000","A":"0.39000000"}}
1618677375.2614741: {"stream":"aaveupusdt@bookTicker","data":{"u":82463740,"s":"AAVEUPUSDT","b":"84.39400000","B":"0.25000000","a":"84.69900000","A":"0.39000000"}}
1618677375.2765062: {"stream":"veteth@depth@100ms","data":{"e":"depthUpdate","E":1618677375223,"s":"VETETH","U":327912887,"u":327912888,"b":[],"a":[["0.00009401","0.00000000"],["0.00009403","88406.00000000"]]}}
1618677375.2766771: {"stream":"swrvbusd@depth@100ms","data":{"e":"depthUpdate","E":1618677375223,"s":"SWRVBUSD","U":64830146,"u":64830148,"b":[["2.27300000","21.99200000"],["2.27200000","224.56300000"]],"a":[["2.27600000","20.45400000"]]}}
1618677375.277035: {"stream":"aaveupusdt@depth@100ms","data":{"e":"depthUpdate","E":1618677375223,"s":"AAVEUPUSDT","U":82463736,"u":82463740,"b":[["84.39400000","0.25000000"],["84.39300000","10.77000000"],["84.39200000","0.00000000"],["83.57700000","0.00000000"]],"a":[]}}
1618677375.363967: {"stream":"aaveupusdt@bookTicker","data":{"u":82463741,"s":"AAVEUPUSDT","b":"84.39300000","B":"10.77000000","a":"84.69900000","A":"0.39000000"}}
1618677375.377793: {"stream":"veteth@depth@100ms","data":{"e":"depthUpdate","E":1618677375323,"s":"VETETH","U":327912889,"u":327912889,"b":[],"a":[["0.00009411","224.00000000"]]}}
1618677375.377933: {"stream":"aaveupusdt@depth@100ms","data":{"e":"depthUpdate","E":1618677375323,"s":"AAVEUPUSDT","U":82463741,"u":82463741,"b":[["84.39400000","0.00000000"]],"a":[]}}
1618677375.5784209: {"stream":"aaveupusdt@depth@100ms","data":{"e":"depthUpdate","E":1618677375523,"s":"AAVEUPUSDT","U":82463742,"u":82463742,"b":[["81.96200000","0.00000000"]],"a":[]}}
1618677375.6769989: {"stream":"veteth@depth@100ms","data":{"e":"depthUpdate","E":1618677375623,"s":"VETETH","U":327912890,"u":327912890,"b":[],"a":[["0.00009403","0.00000000"]]}}
1618677375.763478: {"stream":"swrvbusd@bookTicker","data":{"u":64830150,"s":"SWRVBUSD","b":"2.27200000","B":"224.56300000","a":"2.27600000","A":"20.45400000"}}
1618677375.769529: {"stream":"swrvbusd@bookTicker","data":{"u":64830151,"s":"SWRVBUSD","b":"2.27200000","B":"224.56300000","a":"2.27700000","A":"1.19200000"}}
1618677375.776769: {"stream":"swrvbusd@depth@100ms","data":{"e":"depthUpdate","E":1618677375723,"s":"SWRVBUSD","U":64830149,"u":64830151,"b":[["2.27300000","0.00000000"],["2.27000000","95.46200000"],["2.26900000","0.00000000"]],"a":[["2.27600000","0.00000000"]]}}
1618677375.781017: {"stream":"swrvbusd@bookTicker","data":{"u":64830153,"s":"SWRVBUSD","b":"2.27200000","B":"257.53700000","a":"2.27700000","A":"1.19200000"}}
1618677375.791889: {"stream":"aaveupusdt@bookTicker","data":{"u":82463743,"s":"AAVEUPUSDT","b":"84.39400000","B":"0.25000000","a":"84.69900000","A":"0.39000000"}}
1618677375.8342578: {"stream":"swrvbusd@bookTicker","data":{"u":64830154,"s":"SWRVBUSD","b":"2.27300000","B":"21.99200000","a":"2.27700000","A":"1.19200000"}}
1618677375.838805: {"stream":"swrvbusd@bookTicker","data":{"u":64830155,"s":"SWRVBUSD","b":"2.27300000","B":"21.99200000","a":"2.27600000","A":"20.45400000"}}
1618677375.878363: {"stream":"swrvbusd@depth@100ms","data":{"e":"depthUpdate","E":1618677375823,"s":"SWRVBUSD","U":64830152,"u":64830155,"b":[["2.27300000","21.99200000"],["2.27200000","257.53700000"],["2.27000000","127.15500000"]],"a":[["2.27600000","20.45400000"]]}}
1618677375.878551: {"stream":"aaveupusdt@depth@100ms","data":{"e":"depthUpdate","E":1618677375823,"s":"AAVEUPUSDT","U":82463743,"u":82463746,"b":[["84.39400000","0.25000000"],["84.11900000","2.57000000"],["82.20300000","2.45000000"]],"a":[["85.40400000","2.57000000"]]}}
1618677375.9736269: {"stream":"swrvbusd@kline_1m","data":{"e":"kline","E":1618677375917,"s":"SWRVBUSD","k":{"t":1618677360000,"T":1618677419999,"s":"SWRVBUSD","i":"1m","f":1135631,"L":1135632,"o":"2.27700000","c":"2.27600000","h":"2.27700000","l":"2.27600000","v":"31.78900000","n":2,"x":false,"q":"72.36159000","V":"21.96300000","Q":"49.98778800","B":"0"}}}
1618677375.978611: {"stream":"aaveupusdt@depth@100ms","data":{"e":"depthUpdate","E":1618677375923,"s":"AAVEUPUSDT","U":82463747,"u":82463747,"b":[["84.11900000","0.00000000"]],"a":[]}}
1618677376.079565: {"stream":"aaveupusdt@depth@100ms","data":{"e":"depthUpdate","E":1618677376023,"s":"AAVEUPUSDT","U":82463748,"u":82463748,"b":[],"a":[["85.13400000","242.66000000"]]}}
1618677376.104579: {"stream":"busdtry@bookTicker","data":{"u":10166141,"s":"BUSDTRY","b":"8.13000000","B":"125066.57000000","a":"8.14000000","A":"107821.20000000"}}
1618677376.104668: {"stream":"busdtry@aggTrade","data":{"e":"aggTrade","E":1618677376050,"s":"BUSDTRY","a":1491246,"p":"8.13000000","q":"55.38000000","f":1734549,"l":1734549,"T":1618677376040,"m":true,"M":true}}
1618677376.180864: {"stream":"veteth@kline_1m","data":{"e":"kline","E":1618677376124,"s":"VETETH","k":{"t":1618677360000,"T":1618677419999,"s":"VETETH","i":"1m","f":6849492,"L":6849495,"o":"0.00009392","c":"0.00009402","h":"0.00009402","l":"0.00009392","v":"10520.00000000","n":4,"x":false,"q":"0.98892018","V":"10520.00000000","Q":"0.98892018","B":"0"}}}
1618677376.1809962: {"stream":"veteth@depth@100ms","data":{"e":"depthUpdate","E":1618677376123,"s":"VETETH","U":327912891,"u":327912892,"b":[],"a":[["0.00009403","0.00000000"]]}}
1618677376.1810508: {"stream":"veteth@bookTicker","data":{"u":327912893,"s":"VETETH","b":"0.00009381","B":"95017.00000000","a":"0.00009402","A":"11859.00000000"}}
1618677376.1810749: {"stream":"swrvbusd@depth@100ms","data":{"e":"depthUpdate","E":1618677376123,"s":"SWRVBUSD","U":64830156,"u":64830156,"b":[["2.17300000","0.00000000"]],"a":[]}}
1618677376.18113: {"stream":"busdtry@depth@100ms","data":{"e":"depthUpdate","E":1618677376123,"s":"BUSDTRY","U":10166141,"u":10166141,"b":[["8.13000000","125066.57000000"]],"a":[]}}
1618677376.181165: {"stream":"veteth@aggTrade","data":{"e":"aggTrade","E":1618677376123,"s":"VETETH","a":5580637,"p":"0.00009402","q":"8471.00000000","f":6849495,"l":6849495,"T":1618677376110,"m":false,"M":true}}
1618677376.2082932: {"stream":"veteth@bookTicker","data":{"u":327912894,"s":"VETETH","b":"0.00009381","B":"95017.00000000","a":"0.00009404","A":"9006.00000000"}}
1618677376.238121: {"stream":"veteth@bookTicker","data":{"u":327912895,"s":"VETETH","b":"0.00009381","B":"95017.00000000","a":"0.00009403","A":"88406.00000000"}}
1618677376.2504058: {"stream":"veteth@bookTicker","data":{"u":327912896,"s":"VETETH","b":"0.00009381","B":"95017.00000000","a":"0.00009404","A":"9006.00000000"}}
1618677376.272929: {"stream":"veteth@bookTicker","data":{"u":327912897,"s":"VETETH","b":"0.00009381","B":"95017.00000000","a":"0.00009403","A":"88406.00000000"}}
1618677376.2781818: {"stream":"veteth@depth@100ms","data":{"e":"depthUpdate","E":1618677376223,"s":"VETETH","U":327912893,"u":327912897,"b":[],"a":[["0.00009402","0.00000000"],["0.00009403","88406.00000000"]]}}
1618677376.2783418: {"stream":"swrvbusd@depth@100ms","data":{"e":"depthUpdate","E":1618677376223,"s":"SWRVBUSD","U":64830157,"u":64830157,"b":[["2.27200000","39.12900000"]],"a":[]}}
1618677376.2783868: {"stream":"veteth@bookTicker","data":{"u":327912898,"s":"VETETH","b":"0.00009381","B":"95017.00000000","a":"0.00009404","A":"9006.00000000"}}
1618677376.278412: {"stream":"aaveupusdt@depth@100ms","data":{"e":"depthUpdate","E":1618677376223,"s":"AAVEUPUSDT","U":82463749,"u":82463749,"b":[["84.39300000","10.60000000"]],"a":[]}}
1618677376.30547: {"stream":"swrvbusd@bookTicker","data":{"u":64830158,"s":"SWRVBUSD","b":"2.27200000","B":"39.12900000","a":"2.27600000","A":"20.45400000"}}
1618677376.305553: {"stream":"swrvbusd@bookTicker","data":{"u":64830159,"s":"SWRVBUSD","b":"2.27200000","B":"39.12900000","a":"2.27700000","A":"1.19200000"}}
1618677376.377955: {"stream":"veteth@depth@100ms","data":{"e":"depthUpdate","E":1618677376323,"s":"VETETH","U":327912898,"u":327912899,"b":[],"a":[["0.00009403","0.00000000"],["0.00009405","88406.00000000"]]}}
1618677376.37813: {"stream":"qspbtc@depth@100ms","data":{"e":"depthUpdate","E":1618677376323,"s":"QSPBTC","U":105811207,"u":105811207,"b":[],"a":[["0.00000177","41200.00000000"]]}}
1618677376.378197: {"stream":"swrvbusd@depth@100ms","data":{"e":"depthUpdate","E":1618677376323,"s":"SWRVBUSD","U":64830158,"u":64830161,"b":[["2.27300000","0.00000000"],["2.26900000","182.20000000"],["2.26800000","0.00000000"]],"a":[["2.27600000","0.00000000"]]}}
1618677376.38352: {"stream":"swrvbusd@bookTicker","data":{"u":64830162,"s":"SWRVBUSD","b":"2.27300000","B":"21.99200000","a":"2.27700000","A":"1.19200000"}}
1618677376.3836029: {"stream":"swrvbusd@bookTicker","data":{"u":64830163,"s":"SWRVBUSD","b":"2.27300000","B":"21.99200000","a":"2.27600000","A":"20.45400000"}}
1618677376.391443: {"stream":"veteth@bookTicker","data":{"u":327912900,"s":"VETETH","b":"0.00009381","B":"95017.00000000","a":"0.00009405","A":"88406.00000000"}}
1618677376.4414232: {"stream":"veteth@bookTicker","data":{"u":327912901,"s":"VETETH","b":"0.00009381","B":"95017.00000000","a":"0.00009406","A":"555.00000000"}}
1618677376.458705: {"stream":"veteth@bookTicker","data":{"u":327912902,"s":"VETETH","b":"0.00009381","B":"95017.00000000","a":"0.00009404","A":"9006.00000000"}}
1618677376.4766378: {"stream":"veteth@depth@100ms","data":{"e":"depthUpdate","E":1618677376423,"s":"VETETH","U":327912900,"u":327912903,"b":[],"a":[["0.00009404","9006.00000000"],["0.00009405","88406.00000000"]]}}
1618677376.4773881: {"stream":"swrvbusd@depth@100ms","data":{"e":"depthUpdate","E":1618677376423,"s":"SWRVBUSD","U":64830162,"u":64830164,"b":[["2.27300000","21.99200000"],["2.18000000","111.72200000"]],"a":[["2.27600000","20.45400000"]]}}
1618677376.505218: {"stream":"swrvbusd@bookTicker","data":{"u":64830165,"s":"SWRVBUSD","b":"2.27300000","B":"240.30400000","a":"2.27600000","A":"20.45400000"}}
1618677376.761528: {"stream":"veteth@bookTicker","data":{"u":327912905,"s":"VETETH","b":"0.00009381","B":"95017.00000000","a":"0.00009406","A":"555.00000000"}}
1618677376.761586: {"stream":"veteth@bookTicker","data":{"u":327912909,"s":"VETETH","b":"0.00009381","B":"95017.00000000","a":"0.00009405","A":"88406.00000000"}}
1618677376.76161: {"stream":"veteth@depth@100ms","data":{"e":"depthUpdate","E":1618677376523,"s":"VETETH","U":327912904,"u":327912909,"b":[["0.00009361","0.00000000"]],"a":[["0.00009404","0.00000000"],["0.00009405","88406.00000000"],["0.00009407","0.00000000"]]}}
1618677376.761708: {"stream":"swrvbusd@depth@100ms","data":{"e":"depthUpdate","E":1618677376523,"s":"SWRVBUSD","U":64830165,"u":64830165,"b":[["2.27300000","240.30400000"]],"a":[]}}
1618677376.761748: {"stream":"swrvbusd@depth@100ms","data":{"e":"depthUpdate","E":1618677376623,"s":"SWRVBUSD","U":64830166,"u":64830166,"b":[["2.27200000","32.97400000"]],"a":[]}}
1618677376.8463192: {"stream":"veteth@bookTicker","data":{"u":327912910,"s":"VETETH","b":"0.00009382","B":"81077.00000000","a":"0.00009405","A":"88406.00000000"}}
1618677376.861952: {"stream":"veteth@bookTicker","data":{"u":327912911,"s":"VETETH","b":"0.00009382","B":"81077.00000000","a":"0.00009406","A":"555.00000000"}}
1618677376.944958: {"stream":"veteth@depth@100ms","data":{"e":"depthUpdate","E":1618677376823,"s":"VETETH","U":327912910,"u":327912912,"b":[["0.00009382","81077.00000000"],["0.00009381","0.00000000"]],"a":[["0.00009405","0.00000000"]]}}
1618677376.945148: {"stream":"aaveupusdt@depth@100ms","data":{"e":"depthUpdate","E":1618677376824,"s":"AAVEUPUSDT","U":82463750,"u":82463750,"b":[["84.19700000","2.57000000"]],"a":[]}}
1618677376.945224: {"stream":"veteth@bookTicker","data":{"u":327912914,"s":"VETETH","b":"0.00009383","B":"94966.00000000","a":"0.00009406","A":"555.00000000"}}
1618677376.9452622: {"stream":"swrvbusd@bookTicker","data":{"u":64830168,"s":"SWRVBUSD","b":"2.27300000","B":"218.31200000","a":"2.27600000","A":"20.45400000"}}
1618677376.94529: {"stream":"swrvbusd@bookTicker","data":{"u":64830169,"s":"SWRVBUSD","b":"2.27300000","B":"218.31200000","a":"2.27700000","A":"1.19200000"}}
1618677376.945316: {"stream":"swrvbusd@bookTicker","data":{"u":64830170,"s":"SWRVBUSD","b":"2.27300000","B":"251.28600000","a":"2.27700000","A":"1.19200000"}}
1618677376.974638: {"stream":"swrvbusd@bookTicker","data":{"u":64830172,"s":"SWRVBUSD","b":"2.27300000","B":"273.27800000","a":"2.27700000","A":"1.19200000"}}
1618677376.974719: {"stream":"swrvbusd@bookTicker","data":{"u":64830173,"s":"SWRVBUSD","b":"2.27300000","B":"273.27800000","a":"2.27600000","A":"20.45400000"}}
1618677376.976585: {"stream":"veteth@depth@100ms","data":{"e":"depthUpdate","E":1618677376923,"s":"VETETH","U":327912913,"u":327912918,"b":[["0.00009383","94966.00000000"],["0.00009382","0.00000000"],["0.00009351","100000.00000000"],["0.00009339","70.00000000"]],"a":[["0.00009407","0.00000000"]]}}
1618677376.97718: {"stream":"swrvbusd@depth@100ms","data":{"e":"depthUpdate","E":1618677376924,"s":"SWRVBUSD","U":64830167,"u":64830173,"b":[["2.27300000","273.27800000"],["2.27200000","0.00000000"],["2.27100000","165.05300000"],["2.27000000","95.46200000"]],"a":[["2.27600000","20.45400000"]]}}
1618677376.989415: {"stream":"swrvbusd@bookTicker","data":{"u":64830174,"s":"SWRVBUSD","b":"2.27300000","B":"54.96600000","a":"2.27600000","A":"20.45400000"}}
1618677377.040549: {"stream":"veteth@bookTicker","data":{"u":327912919,"s":"VETETH","b":"0.00009383","B":"94966.00000000","a":"0.00009405","A":"9005.00000000"}}
1618677377.047057: {"stream":"veteth@bookTicker","data":{"u":327912920,"s":"VETETH","b":"0.00009383","B":"94966.00000000","a":"0.00009406","A":"555.00000000"}}
1618677377.069469: {"stream":"veteth@bookTicker","data":{"u":327912921,"s":"VETETH","b":"0.00009380","B":"4016.00000000","a":"0.00009406","A":"555.00000000"}}
1618677377.0777879: {"stream":"veteth@depth@100ms","data":{"e":"depthUpdate","E":1618677377023,"s":"VETETH","U":327912919,"u":327912921,"b":[["0.00009383","0.00000000"]],"a":[["0.00009405","0.00000000"]]}}
1618677377.077909: {"stream":"swrvbusd@depth@100ms","data":{"e":"depthUpdate","E":1618677377024,"s":"SWRVBUSD","U":64830174,"u":64830174,"b":[["2.27300000","54.96600000"]],"a":[]}}
1618677377.187074: {"stream":"veteth@bookTicker","data":{"u":327912922,"s":"VETETH","b":"0.00009381","B":"94966.00000000","a":"0.00009406","A":"555.00000000"}}
1618677377.187156: {"stream":"veteth@depth@100ms","data":{"e":"depthUpdate","E":1618677377123,"s":"VETETH","U":327912922,"u":327912923,"b":[["0.00009381","94966.00000000"],["0.00009372","4220.00000000"]],"a":[]}}
1618677377.192831: {"stream":"perlbnb@bookTicker","data":{"u":97581315,"s":"PERLBNB","b":"0.00039200","B":"11110.00000000","a":"0.00039400","A":"311.00000000"}}
1618677377.2782211: {"stream":"veteth@depth@100ms","data":{"e":"depthUpdate","E":1618677377223,"s":"VETETH","U":327912924,"u":327912927,"b":[["0.00009350","0.00000000"]],"a":[["0.00009412","555.00000000"],["0.00009456","0.00000000"],["0.00009476","3071.00000000"]]}}
1618677377.278419: {"stream":"perlbnb@depth@100ms","data":{"e":"depthUpdate","E":1618677377223,"s":"PERLBNB","U":97581315,"u":97581315,"b":[["0.00039200","11110.00000000"]],"a":[]}}
1618677377.480522: {"stream":"qspbtc@depth@100ms","data":{"e":"depthUpdate","E":1618677377223,"s":"QSPBTC","U":105811208,"u":105811208,"b":[["0.00000155","44159.00000000"]],"a":[]}}
1618677377.480574: {"stream":"gtobtc@depth@100ms","data":{"e":"depthUpdate","E":1618677377224,"s":"GTOBTC","U":137196724,"u":137196726,"b":[["0.00000161","98021.00000000"],["0.00000160","382913.00000000"]],"a":[]}}
1618677377.480609: {"stream":"aaveupusdt@depth@100ms","data":{"e":"depthUpdate","E":1618677377224,"s":"AAVEUPUSDT","U":82463751,"u":82463751,"b":[],"a":[["85.13400000","0.00000000"]]}}
1618677377.480646: {"stream":"aaveupusdt@kline_1m","data":{"e":"kline","E":1618677377270,"s":"AAVEUPUSDT","k":{"t":1618677360000,"T":1618677419999,"s":"AAVEUPUSDT","i":"1m","f":1857323,"L":1857326,"o":"84.58500000","c":"84.69900000","h":"84.69900000","l":"84.58500000","v":"1.65000000","n":4,"x":false,"q":"139.62848000","V":"1.65000000","Q":"139.62848000","B":"0"}}}
1618677377.4806778: {"stream":"aaveupusdt@bookTicker","data":{"u":82463753,"s":"AAVEUPUSDT","b":"84.39400000","B":"0.25000000","a":"84.93500000","A":"0.74000000"}}
1618677377.480694: {"stream":"aaveupusdt@aggTrade","data":{"e":"aggTrade","E":1618677377270,"s":"AAVEUPUSDT","a":1779415,"p":"84.69900000","q":"0.39000000","f":1857326,"l":1857326,"T":1618677377265,"m":false,"M":true}}
1618677377.480714: {"stream":"veteth@bookTicker","data":{"u":327912930,"s":"VETETH","b":"0.00009382","B":"145759.00000000","a":"0.00009406","A":"555.00000000"}}
1618677377.480727: {"stream":"veteth@bookTicker","data":{"u":327912932,"s":"VETETH","b":"0.00009383","B":"4625.00000000","a":"0.00009406","A":"555.00000000"}}
1618677377.48074: {"stream":"veteth@bookTicker","data":{"u":327912933,"s":"VETETH","b":"0.00009383","B":"99591.00000000","a":"0.00009406","A":"555.00000000"}}
1618677377.480751: {"stream":"veteth@depth@100ms","data":{"e":"depthUpdate","E":1618677377323,"s":"VETETH","U":327912928,"u":327912934,"b":[["0.00009383","99591.00000000"],["0.00009382","0.00000000"],["0.00009381","0.00000000"],["0.00009372","0.00000000"],["0.00009354","0.00000000"]],"a":[]}}
1618677377.4808059: {"stream":"perlbnb@depth@100ms","data":{"e":"depthUpdate","E":1618677377323,"s":"PERLBNB","U":97581316,"u":97581316,"b":[],"a":[["0.00039500","5362.00000000"]]}}
1618677377.480818: {"stream":"swrvbusd@depth@100ms","data":{"e":"depthUpdate","E":1618677377324,"s":"SWRVBUSD","U":64830175,"u":64830175,"b":[["2.27000000","194.05300000"]],"a":[]}}
1618677377.480841: {"stream":"gtobtc@depth@100ms","data":{"e":"depthUpdate","E":1618677377324,"s":"GTOBTC","U":137196727,"u":137196727,"b":[["0.00000161","102863.00000000"]],"a":[]}}
1618677377.480863: {"stream":"aaveupusdt@depth@100ms","data":{"e":"depthUpdate","E":1618677377324,"s":"AAVEUPUSDT","U":82463752,"u":82463753,"b":[],"a":[["84.69900000","0.00000000"],["85.40400000","0.00000000"]]}}
1618677377.480895: {"stream":"veteth@bookTicker","data":{"u":327912935,"s":"VETETH","b":"0.00009384","B":"27186.00000000","a":"0.00009406","A":"555.00000000"}}
1618677377.48091: {"stream":"veteth@bookTicker","data":{"u":327912937,"s":"VETETH","b":"0.00009385","B":"94966.00000000","a":"0.00009406","A":"555.00000000"}}
1618677377.480921: {"stream":"swrvbusd@bookTicker","data":{"u":64830177,"s":"SWRVBUSD","b":"2.27300000","B":"32.97400000","a":"2.27600000","A":"20.45400000"}}
1618677377.4809332: {"stream":"swrvbusd@bookTicker","data":{"u":64830178,"s":"SWRVBUSD","b":"2.27300000","B":"32.97400000","a":"2.27700000","A":"1.19200000"}}
1618677377.481299: {"stream":"veteth@depth@100ms","data":{"e":"depthUpdate","E":1618677377423,"s":"VETETH","U":327912935,"u":327912939,"b":[["0.00009385","94966.00000000"],["0.00009384","27186.00000000"],["0.00009383","4625.00000000"],["0.00009355","144455.00000000"]],"a":[["0.00009417","157608.00000000"]]}}
1618677377.4813719: {"stream":"perlbnb@depth@100ms","data":{"e":"depthUpdate","E":1618677377423,"s":"PERLBNB","U":97581317,"u":97581317,"b":[["0.00039100","8135.00000000"]],"a":[]}}
1618677377.481387: {"stream":"swrvbusd@depth@100ms","data":{"e":"depthUpdate","E":1618677377424,"s":"SWRVBUSD","U":64830176,"u":64830178,"b":[["2.27300000","32.97400000"],["2.27200000","218.40800000"]],"a":[["2.27600000","0.00000000"]]}}
1618677377.4814332: {"stream":"aaveupusdt@depth@100ms","data":{"e":"depthUpdate","E":1618677377424,"s":"AAVEUPUSDT","U":82463754,"u":82463755,"b":[["83.97400000","239.29000000"],["83.91100000","0.00000000"]],"a":[]}}
1618677377.53032: {"stream":"swrvbusd@bookTicker","data":{"u":64830179,"s":"SWRVBUSD","b":"2.27300000","B":"54.96600000","a":"2.27700000","A":"1.19200000"}}
1618677377.530401: {"stream":"swrvbusd@bookTicker","data":{"u":64830180,"s":"SWRVBUSD","b":"2.27300000","B":"54.96600000","a":"2.27600000","A":"20.45400000"}}
1618677377.5798059: {"stream":"swrvbusd@depth@100ms","data":{"e":"depthUpdate","E":1618677377524,"s":"SWRVBUSD","U":64830179,"u":64830180,"b":[["2.27300000","54.96600000"]],"a":[["2.27600000","20.45400000"]]}}
1618677377.677635: {"stream":"swrvbusd@depth@100ms","data":{"e":"depthUpdate","E":1618677377624,"s":"SWRVBUSD","U":64830181,"u":64830181,"b":[["2.27200000","0.00000000"]],"a":[]}}
1618677377.7796228: {"stream":"swrvbusd@depth@100ms","data":{"e":"depthUpdate","E":1618677377724,"s":"SWRVBUSD","U":64830182,"u":64830182,"b":[["2.27200000","6.15500000"]],"a":[]}}
1618677377.854391: {"stream":"aaveupusdt@bookTicker","data":{"u":82463756,"s":"AAVEUPUSDT","b":"84.39500000","B":"0.17000000","a":"84.93500000","A":"0.74000000"}}
1618677377.871225: {"stream":"aaveupusdt@bookTicker","data":{"u":82463759,"s":"AAVEUPUSDT","b":"84.39600000","B":"0.25000000","a":"84.93500000","A":"0.74000000"}}
1618677377.8782122: {"stream":"perlbnb@depth@100ms","data":{"e":"depthUpdate","E":1618677377824,"s":"PERLBNB","U":97581318,"u":97581319,"b":[["0.00038900","142116.00000000"],["0.00038800","7705.00000000"]],"a":[]}}
1618677377.8819258: {"stream":"aaveupusdt@depth@100ms","data":{"e":"depthUpdate","E":1618677377824,"s":"AAVEUPUSDT","U":82463756,"u":82463759,"b":[["84.39600000","0.25000000"],["84.39500000","0.17000000"],["84.39400000","0.00000000"]],"a":[["85.58400000","2.57000000"]]}}
1618677377.938282: {"stream":"perlbnb@bookTicker","data":{"u":97581323,"s":"PERLBNB","b":"0.00039200","B":"11110.00000000","a":"0.00039300","A":"460.00000000"}}
1618677377.9383402: {"stream":"busdtry@bookTicker","data":{"u":10166142,"s":"BUSDTRY","b":"8.13000000","B":"125066.57000000","a":"8.14000000","A":"107758.20000000"}}
1618677377.9383628: {"stream":"busdtry@kline_1m","data":{"e":"kline","E":1618677377886,"s":"BUSDTRY","k":{"t":1618677360000,"T":1618677419999,"s":"BUSDTRY","i":"1m","f":1734546,"L":1734550,"o":"8.14000000","c":"8.14000000","h":"8.14000000","l":"8.13000000","v":"465.67000000","n":5,"x":false,"q":"3786.88710000","V":"99.00000000","Q":"805.86000000","B":"0"}}}
1618677377.938787: {"stream":"busdtry@aggTrade","data":{"e":"aggTrade","E":1618677377885,"s":"BUSDTRY","a":1491247,"p":"8.14000000","q":"63.00000000","f":1734550,"l":1734550,"T":1618677377884,"m":false,"M":true}}
1618677377.977945: {"stream":"perlbnb@depth@100ms","data":{"e":"depthUpdate","E":1618677377924,"s":"PERLBNB","U":97581320,"u":97581323,"b":[["0.00039100","6316.00000000"],["0.00039000","25217.00000000"]],"a":[["0.00039300","460.00000000"],["0.00039500","4902.00000000"]]}}
1618677377.978125: {"stream":"qspbtc@depth@100ms","data":{"e":"depthUpdate","E":1618677377924,"s":"QSPBTC","U":105811209,"u":105811209,"b":[["0.00000085","107313.00000000"]],"a":[]}}
1618677377.978643: {"stream":"busdtry@depth@100ms","data":{"e":"depthUpdate","E":1618677377924,"s":"BUSDTRY","U":10166142,"u":10166142,"b":[],"a":[["8.14000000","107758.20000000"]]}}
1618677377.978701: {"stream":"aaveupusdt@depth@100ms","data":{"e":"depthUpdate","E":1618677377924,"s":"AAVEUPUSDT","U":82463760,"u":82463760,"b":[],"a":[["85.20500000","66.62000000"]]}}
1618677378.003768: {"stream":"onttry@kline_1m","data":{"e":"kline","E":1618677377951,"s":"ONTTRY","k":{"t":1618677360000,"T":1618677419999,"s":"ONTTRY","i":"1m","f":9332,"L":9332,"o":"19.00000000","c":"19.00000000","h":"19.00000000","l":"19.00000000","v":"5.00000000","n":1,"x":false,"q":"95.00000000","V":"5.00000000","Q":"95.00000000","B":"0"}}}
1618677378.0038881: {"stream":"onttry@bookTicker","data":{"u":282105,"s":"ONTTRY","b":"18.98000000","B":"146.04000000","a":"19.03000000","A":"1177.09000000"}}
1618677378.0043032: {"stream":"onttry@aggTrade","data":{"e":"aggTrade","E":1618677377950,"s":"ONTTRY","a":8610,"p":"19.00000000","q":"5.00000000","f":9332,"l":9332,"T":1618677377949,"m":false,"M":true}}
1618677378.0520582: {"stream":"swrvbusd@bookTicker","data":{"u":64830183,"s":"SWRVBUSD","b":"2.27300000","B":"21.99200000","a":"2.27600000","A":"20.45400000"}}
1618677378.070102: {"stream":"swrvbusd@bookTicker","data":{"u":64830184,"s":"SWRVBUSD","b":"2.27200000","B":"6.15500000","a":"2.27600000","A":"20.45400000"}}
1618677378.070186: {"stream":"swrvbusd@bookTicker","data":{"u":64830185,"s":"SWRVBUSD","b":"2.27200000","B":"6.15500000","a":"2.27700000","A":"1.19200000"}}
1618677378.0816991: {"stream":"veteth@depth@100ms","data":{"e":"depthUpdate","E":1618677378024,"s":"VETETH","U":327912940,"u":327912940,"b":[],"a":[["0.00009415","616.00000000"]]}}
1618677378.081791: {"stream":"onttry@depth@100ms","data":{"e":"depthUpdate","E":1618677378024,"s":"ONTTRY","U":282105,"u":282105,"b":[],"a":[["19.00000000","0.00000000"]]}}
1618677378.5774772: {"stream":"swrvbusd@depth@100ms","data":{"e":"depthUpdate","E":1618677378024,"s":"SWRVBUSD","U":64830183,"u":64830185,"b":[["2.27300000","0.00000000"],["2.27100000","133.36000000"]],"a":[["2.27600000","0.00000000"]]}}
1618677378.577572: {"stream":"aaveupusdt@depth@100ms","data":{"e":"depthUpdate","E":1618677378024,"s":"AAVEUPUSDT","U":82463761,"u":82463761,"b":[["82.20300000","0.00000000"]],"a":[]}}
1618677378.57762: {"stream":"swrvbusd@bookTicker","data":{"u":64830186,"s":"SWRVBUSD","b":"2.27200000","B":"224.56300000","a":"2.27700000","A":"1.19200000"}}
1618677378.577644: {"stream":"swrvbusd@bookTicker","data":{"u":64830189,"s":"SWRVBUSD","b":"2.27200000","B":"224.56300000","a":"2.27600000","A":"20.45400000"}}
1618677378.5776598: {"stream":"swrvbusd@bookTicker","data":{"u":64830190,"s":"SWRVBUSD","b":"2.27300000","B":"21.99200000","a":"2.27600000","A":"20.45400000"}}
1618677378.577674: {"stream":"veteth@depth@100ms","data":{"e":"depthUpdate","E":1618677378124,"s":"VETETH","U":327912941,"u":327912941,"b":[["0.00009384","0.00000000"]],"a":[]}}
1618677378.577714: {"stream":"swrvbusd@depth@100ms","data":{"e":"depthUpdate","E":1618677378124,"s":"SWRVBUSD","U":64830186,"u":64830190,"b":[["2.27300000","21.99200000"],["2.27200000","224.56300000"],["2.27100000","166.33400000"],["2.27000000","225.74600000"]],"a":[["2.27600000","20.45400000"]]}}
1618677378.577771: {"stream":"veteth@bookTicker","data":{"u":327912943,"s":"VETETH","b":"0.00009383","B":"4625.00000000","a":"0.00009406","A":"555.00000000"}}
1618677378.5777888: {"stream":"gtobtc@bookTicker","data":{"u":137196728,"s":"GTOBTC","b":"0.00000162","B":"59627.00000000","a":"0.00000163","A":"345860.00000000"}}
1618677378.577803: {"stream":"veteth@bookTicker","data":{"u":327912945,"s":"VETETH","b":"0.00009384","B":"94966.00000000","a":"0.00009406","A":"555.00000000"}}
1618677378.5778172: {"stream":"gtobtc@bookTicker","data":{"u":137196729,"s":"GTOBTC","b":"0.00000162","B":"49627.00000000","a":"0.00000163","A":"345860.00000000"}}
1618677378.5778298: {"stream":"veteth@depth@100ms","data":{"e":"depthUpdate","E":1618677378224,"s":"VETETH","U":327912942,"u":327912947,"b":[["0.00009385","0.00000000"],["0.00009384","94966.00000000"],["0.00009383","0.00000000"],["0.00009381","0.00000000"],["0.00009356","26687.00000000"]],"a":[]}}
1618677378.577888: {"stream":"gtobtc@bookTicker","data":{"u":137196730,"s":"GTOBTC","b":"0.00000162","B":"59627.00000000","a":"0.00000163","A":"345860.00000000"}}
1618677378.577905: {"stream":"aaveupusdt@bookTicker","data":{"u":82463763,"s":"AAVEUPUSDT","b":"84.39300000","B":"10.60000000","a":"84.93500000","A":"0.74000000"}}
1618677378.577919: {"stream":"gtobtc@depth@100ms","data":{"e":"depthUpdate","E":1618677378224,"s":"GTOBTC","U":137196728,"u":137196729,"b":[["0.00000162","49627.00000000"]],"a":[]}}
1618677378.5779462: {"stream":"aaveupusdt@depth@100ms","data":{"e":"depthUpdate","E":1618677378224,"s":"AAVEUPUSDT","U":82463762,"u":82463762,"b":[["84.39500000","0.00000000"]],"a":[]}}
1618677378.577984: {"stream":"aaveupusdt@bookTicker","data":{"u":82463764,"s":"AAVEUPUSDT","b":"84.39400000","B":"0.25000000","a":"84.93500000","A":"0.74000000"}}
1618677378.5780008: {"stream":"gtobtc@bookTicker","data":{"u":137196731,"s":"GTOBTC","b":"0.00000162","B":"49627.00000000","a":"0.00000163","A":"345860.00000000"}}
1618677378.578015: {"stream":"steemeth@depth@100ms","data":{"e":"depthUpdate","E":1618677378324,"s":"STEEMETH","U":126265005,"u":126265005,"b":[["0.00050400","864.15000000"]],"a":[]}}
1618677378.78439: {"stream":"gtobtc@depth@100ms","data":{"e":"depthUpdate","E":1618677378324,"s":"GTOBTC","U":137196730,"u":137196731,"b":[["0.00000162","49627.00000000"]],"a":[]}}
1618677378.7844422: {"stream":"aaveupusdt@depth@100ms","data":{"e":"depthUpdate","E":1618677378324,"s":"AAVEUPUSDT","U":82463763,"u":82463765,"b":[["84.39600000","0.00000000"],["84.39400000","0.25000000"],["82.39200000","2.45000000"]],"a":[]}}
1618677378.784498: {"stream":"veteth@bookTicker","data":{"u":327912948,"s":"VETETH","b":"0.00009385","B":"4625.00000000","a":"0.00009406","A":"555.00000000"}}
1618677378.784518: {"stream":"veteth@bookTicker","data":{"u":327912950,"s":"VETETH","b":"0.00009386","B":"94966.00000000","a":"0.00009406","A":"555.00000000"}}
1618677378.784532: {"stream":"onttry@bookTicker","data":{"u":282106,"s":"ONTTRY","b":"19.00000000","B":"21.62000000","a":"19.03000000","A":"1177.09000000"}}
1618677378.784544: {"stream":"veteth@bookTicker","data":{"u":327912955,"s":"VETETH","b":"0.00009386","B":"94966.00000000","a":"0.00009405","A":"20330.00000000"}}
1618677378.7845562: {"stream":"veteth@depth@100ms","data":{"e":"depthUpdate","E":1618677378424,"s":"VETETH","U":327912948,"u":327912956,"b":[["0.00009386","94966.00000000"],["0.00009385","0.00000000"],["0.00009384","0.00000000"],["0.00009334","200000.00000000"],["0.00009324","225.00000000"]],"a":[["0.00009405","20330.00000000"],["0.00009407","0.00000000"]]}}
1618677378.784619: {"stream":"onttry@depth@100ms","data":{"e":"depthUpdate","E":1618677378424,"s":"ONTTRY","U":282106,"u":282106,"b":[["19.00000000","21.62000000"]],"a":[]}}
1618677378.784631: {"stream":"steemeth@depth@100ms","data":{"e":"depthUpdate","E":1618677378424,"s":"STEEMETH","U":126265006,"u":126265006,"b":[["0.00050400","1072.22000000"]],"a":[]}}
1618677378.784641: {"stream":"veteth@bookTicker","data":{"u":327912957,"s":"VETETH","b":"0.00009380","B":"4016.00000000","a":"0.00009405","A":"20330.00000000"}}
1618677378.784653: {"stream":"veteth@bookTicker","data":{"u":327912958,"s":"VETETH","b":"0.00009381","B":"94976.00000000","a":"0.00009405","A":"20330.00000000"}}
1618677378.7846642: {"stream":"veteth@depth@100ms","data":{"e":"depthUpdate","E":1618677378524,"s":"VETETH","U":327912957,"u":327912958,"b":[["0.00009386","0.00000000"],["0.00009381","94976.00000000"]],"a":[]}}
1618677378.784696: {"stream":"qspbtc@depth@100ms","data":{"e":"depthUpdate","E":1618677378624,"s":"QSPBTC","U":105811210,"u":105811210,"b":[["0.00000064","260.00000000"]],"a":[]}}
1618677378.784719: {"stream":"swrvbusd@bookTicker","data":{"u":64830191,"s":"SWRVBUSD","b":"2.27200000","B":"224.56300000","a":"2.27600000","A":"20.45400000"}}
1618677378.7847319: {"stream":"swrvbusd@bookTicker","data":{"u":64830192,"s":"SWRVBUSD","b":"2.27200000","B":"224.56300000","a":"2.27700000","A":"1.19200000"}}
1618677378.784744: {"stream":"veteth@bookTicker","data":{"u":327912960,"s":"VETETH","b":"0.00009382","B":"33473.00000000","a":"0.00009405","A":"20330.00000000"}}
1618677378.784754: {"stream":"swrvbusd@bookTicker","data":{"u":64830193,"s":"SWRVBUSD","b":"2.27200000","B":"224.56300000","a":"2.27600000","A":"20.45400000"}}
1618677378.784765: {"stream":"swrvbusd@bookTicker","data":{"u":64830194,"s":"SWRVBUSD","b":"2.27300000","B":"21.99200000","a":"2.27600000","A":"20.45400000"}}
1618677378.784775: {"stream":"veteth@bookTicker","data":{"u":327912961,"s":"VETETH","b":"0.00009382","B":"33473.00000000","a":"0.00009405","A":"108736.00000000"}}
1618677378.784786: {"stream":"veteth@bookTicker","data":{"u":327912963,"s":"VETETH","b":"0.00009383","B":"94976.00000000","a":"0.00009405","A":"108736.00000000"}}
1618677378.785098: {"stream":"veteth@depth@100ms","data":{"e":"depthUpdate","E":1618677378724,"s":"VETETH","U":327912959,"u":327912963,"b":[["0.00009383","94976.00000000"],["0.00009382","33473.00000000"],["0.00009381","0.00000000"]],"a":[["0.00009405","108736.00000000"],["0.00009411","14360.00000000"]]}}
1618677378.785186: {"stream":"swrvbusd@depth@100ms","data":{"e":"depthUpdate","E":1618677378724,"s":"SWRVBUSD","U":64830191,"u":64830194,"b":[["2.27300000","21.99200000"]],"a":[["2.27600000","20.45400000"]]}}
1618677378.785217: {"stream":"aaveupusdt@depth@100ms","data":{"e":"depthUpdate","E":1618677378724,"s":"AAVEUPUSDT","U":82463766,"u":82463766,"b":[],"a":[["85.58400000","0.00000000"]]}}
1618677378.81681: {"stream":"veteth@bookTicker","data":{"u":327912964,"s":"VETETH","b":"0.00009383","B":"94976.00000000","a":"0.00009405","A":"20330.00000000"}}
1618677378.855488: {"stream":"veteth@bookTicker","data":{"u":327912965,"s":"VETETH","b":"0.00009383","B":"94976.00000000","a":"0.00009405","A":"108736.00000000"}}
1618677378.879906: {"stream":"veteth@depth@100ms","data":{"e":"depthUpdate","E":1618677378824,"s":"VETETH","U":327912964,"u":327912965,"b":[],"a":[["0.00009405","108736.00000000"]]}}
1618677378.8799858: {"stream":"qspbtc@depth@100ms","data":{"e":"depthUpdate","E":1618677378824,"s":"QSPBTC","U":105811211,"u":105811211,"b":[],"a":[["0.00000177","40934.00000000"]]}}
1618677378.88002: {"stream":"swrvbusd@depth@100ms","data":{"e":"depthUpdate","E":1618677378824,"s":"SWRVBUSD","U":64830195,"u":64830195,"b":[["2.27200000","6.15500000"]],"a":[]}}
1618677378.888745: {"stream":"veteth@bookTicker","data":{"u":327912966,"s":"VETETH","b":"0.00009383","B":"94976.00000000","a":"0.00009405","A":"20330.00000000"}}
1618677378.978209: {"stream":"veteth@depth@100ms","data":{"e":"depthUpdate","E":1618677378924,"s":"VETETH","U":327912966,"u":327912966,"b":[],"a":[["0.00009405","20330.00000000"]]}}
1618677378.9787872: {"stream":"aaveupusdt@depth@100ms","data":{"e":"depthUpdate","E":1618677378924,"s":"AAVEUPUSDT","U":82463767,"u":82463767,"b":[],"a":[["85.49900000","2.57000000"]]}}
1618677379.001955: {"stream":"veteth@bookTicker","data":{"u":327912968,"s":"VETETH","b":"0.00009383","B":"94976.00000000","a":"0.00009405","A":"108736.00000000"}}
1618677379.0247948: {"stream":"veteth@bookTicker","data":{"u":327912969,"s":"VETETH","b":"0.00009383","B":"94976.00000000","a":"0.00009405","A":"20330.00000000"}}
1618677379.0786078: {"stream":"veteth@depth@100ms","data":{"e":"depthUpdate","E":1618677379024,"s":"VETETH","U":327912967,"u":327912971,"b":[["0.00009356","542.00000000"]],"a":[["0.00009405","20330.00000000"],["0.00009407","88406.00000000"],["0.00009418","2295.00000000"]]}}
1618677379.1055229: {"stream":"veteth@bookTicker","data":{"u":327912975,"s":"VETETH","b":"0.00009383","B":"94976.00000000","a":"0.00009405","A":"108736.00000000"}}
1618677379.1314418: {"stream":"veteth@bookTicker","data":{"u":327912977,"s":"VETETH","b":"0.00009383","B":"94976.00000000","a":"0.00009405","A":"20330.00000000"}}
1618677379.143677: {"stream":"veteth@bookTicker","data":{"u":327912978,"s":"VETETH","b":"0.00009383","B":"94976.00000000","a":"0.00009405","A":"108736.00000000"}}
1618677379.1504488: {"stream":"veteth@bookTicker","data":{"u":327912979,"s":"VETETH","b":"0.00009383","B":"94976.00000000","a":"0.00009405","A":"20330.00000000"}}
1618677379.16706: {"stream":"perlbnb@bookTicker","data":{"u":97581324,"s":"PERLBNB","b":"0.00039200","B":"26481.00000000","a":"0.00039300","A":"460.00000000"}}
1618677379.176728: {"stream":"perlbnb@bookTicker","data":{"u":97581327,"s":"PERLBNB","b":"0.00039200","B":"11110.00000000","a":"0.00039300","A":"460.00000000"}}
1618677379.17733: {"stream":"veteth@depth@100ms","data":{"e":"depthUpdate","E":1618677379124,"s":"VETETH","U":327912972,"u":327912980,"b":[["0.00009356","25486.00000000"],["0.00009270","196.00000000"]],"a":[["0.00009405","20330.00000000"],["0.00009407","88406.00000000"],["0.00009432","0.00000000"]]}}
1618677379.177494: {"stream":"perlbnb@depth@100ms","data":{"e":"depthUpdate","E":1618677379124,"s":"PERLBNB","U":97581324,"u":97581328,"b":[["0.00039200","11110.00000000"],["0.00039000","2250.00000000"],["0.00038800","7704.00000000"]],"a":[]}}
1618677379.2291179: {"stream":"swrvbusd@bookTicker","data":{"u":64830197,"s":"SWRVBUSD","b":"2.27300000","B":"21.99200000","a":"2.27700000","A":"1.19200000"}}
1618677379.231668: {"stream":"swrvbusd@bookTicker","data":{"u":64830198,"s":"SWRVBUSD","b":"2.27200000","B":"6.15500000","a":"2.27700000","A":"1.19200000"}}
1618677379.277899: {"stream":"veteth@depth@100ms","data":{"e":"depthUpdate","E":1618677379224,"s":"VETETH","U":327912981,"u":327912981,"b":[["0.00009280","163000.00000000"]],"a":[]}}
1618677379.278048: {"stream":"perlbnb@depth@100ms","data":{"e":"depthUpdate","E":1618677379224,"s":"PERLBNB","U":97581329,"u":97581329,"b":[["0.00039000","25217.00000000"]],"a":[]}}
1618677379.2793899: {"stream":"swrvbusd@depth@100ms","data":{"e":"depthUpdate","E":1618677379224,"s":"SWRVBUSD","U":64830196,"u":64830200,"b":[["2.27300000","0.00000000"],["2.27100000","166.33400000"],["2.27000000","225.74600000"]],"a":[["2.27600000","0.00000000"]]}}
1618677379.279582: {"stream":"aaveupusdt@depth@100ms","data":{"e":"depthUpdate","E":1618677379224,"s":"AAVEUPUSDT","U":82463768,"u":82463768,"b":[],"a":[["85.49900000","0.00000000"]]}}
1618677379.29149: {"stream":"swrvbusd@bookTicker","data":{"u":64830201,"s":"SWRVBUSD","b":"2.27200000","B":"224.56300000","a":"2.27700000","A":"1.19200000"}}
1618677379.298039: {"stream":"swrvbusd@bookTicker","data":{"u":64830202,"s":"SWRVBUSD","b":"2.27300000","B":"21.99200000","a":"2.27700000","A":"1.19200000"}}
1618677379.304099: {"stream":"swrvbusd@bookTicker","data":{"u":64830203,"s":"SWRVBUSD","b":"2.27300000","B":"21.99200000","a":"2.27600000","A":"20.45400000"}}
1618677379.3792791: {"stream":"swrvbusd@depth@100ms","data":{"e":"depthUpdate","E":1618677379324,"s":"SWRVBUSD","U":64830201,"u":64830203,"b":[["2.27300000","21.99200000"],["2.27200000","224.56300000"]],"a":[["2.27600000","20.45400000"]]}}
1618677379.4793348: {"stream":"aaveupusdt@depth@100ms","data":{"e":"depthUpdate","E":1618677379425,"s":"AAVEUPUSDT","U":82463769,"u":82463769,"b":[["84.19700000","0.00000000"]],"a":[]}}
1618677379.579798: {"stream":"qspbtc@depth@100ms","data":{"e":"depthUpdate","E":1618677379524,"s":"QSPBTC","U":105811212,"u":105811212,"b":[["0.00000153","14351.00000000"]],"a":[]}}
1618677379.6009028: {"stream":"veteth@bookTicker","data":{"u":327912983,"s":"VETETH","b":"0.00009383","B":"94976.00000000","a":"0.00009405","A":"108736.00000000"}}
1618677379.625727: {"stream":"aaveupusdt@bookTicker","data":{"u":82463770,"s":"AAVEUPUSDT","b":"84.57800000","B":"5.79000000","a":"84.93500000","A":"0.74000000"}}
1618677379.639446: {"stream":"aaveupusdt@bookTicker","data":{"u":82463774,"s":"AAVEUPUSDT","b":"84.57800000","B":"13.49000000","a":"84.93500000","A":"0.74000000"}}
1618677379.677748: {"stream":"veteth@depth@100ms","data":{"e":"depthUpdate","E":1618677379624,"s":"VETETH","U":327912982,"u":327912984,"b":[["0.00008730","353.00000000"]],"a":[["0.00009405","108736.00000000"],["0.00009407","0.00000000"]]}}
1618677379.6783779: {"stream":"aaveupusdt@depth@100ms","data":{"e":"depthUpdate","E":1618677379625,"s":"AAVEUPUSDT","U":82463770,"u":82463776,"b":[["84.57800000","13.49000000"],["84.38300000","4.34000000"],["84.19600000","0.00000000"],["83.72200000","0.00000000"]],"a":[]}}
1618677379.724975: {"stream":"aaveupusdt@bookTicker","data":{"u":82463778,"s":"AAVEUPUSDT","b":"84.57900000","B":"0.25000000","a":"84.93500000","A":"0.74000000"}}
1618677379.77833: {"stream":"veteth@depth@100ms","data":{"e":"depthUpdate","E":1618677379724,"s":"VETETH","U":327912985,"u":327912985,"b":[],"a":[["0.00009416","26636.00000000"]]}}
1618677379.778489: {"stream":"onttry@depth@100ms","data":{"e":"depthUpdate","E":1618677379724,"s":"ONTTRY","U":282107,"u":282107,"b":[["18.99000000","430.26000000"]],"a":[]}}
1618677379.779558: {"stream":"aaveupusdt@depth@100ms","data":{"e":"depthUpdate","E":1618677379725,"s":"AAVEUPUSDT","U":82463777,"u":82463779,"b":[["84.57900000","0.25000000"],["84.57800000","19.28000000"],["84.39400000","0.00000000"]],"a":[]}}
1618677379.839175: {"stream":"swrvbusd@bookTicker","data":{"u":64830204,"s":"SWRVBUSD","b":"2.27200000","B":"224.56300000","a":"2.27600000","A":"20.45400000"}}
1618677379.839699: {"stream":"swrvbusd@bookTicker","data":{"u":64830205,"s":"SWRVBUSD","b":"2.27200000","B":"224.56300000","a":"2.27700000","A":"1.19200000"}}
1618677379.878863: {"stream":"swrvbusd@aggTrade","data":{"e":"aggTrade","E":1618677379825,"s":"SWRVBUSD","a":749095,"p":"2.27200000","q":"244.73400000","f":1135633,"l":1135638,"T":1618677379823,"m":true,"M":true}}
1618677379.878965: {"stream":"swrvbusd@depth@100ms","data":{"e":"depthUpdate","E":1618677379824,"s":"SWRVBUSD","U":64830204,"u":64830205,"b":[["2.27300000","0.00000000"]],"a":[["2.27600000","0.00000000"]]}}
1618677379.879555: {"stream":"aaveupusdt@depth@100ms","data":{"e":"depthUpdate","E":1618677379825,"s":"AAVEUPUSDT","U":82463780,"u":82463780,"b":[["84.57800000","13.49000000"]],"a":[]}}
1618677379.879615: {"stream":"swrvbusd@bookTicker","data":{"u":64830206,"s":"SWRVBUSD","b":"2.27200000","B":"4.44900000","a":"2.27700000","A":"1.19200000"}}
1618677379.879641: {"stream":"swrvbusd@kline_1m","data":{"e":"kline","E":1618677379826,"s":"SWRVBUSD","k":{"t":1618677360000,"T":1618677419999,"s":"SWRVBUSD","i":"1m","f":1135631,"L":1135633,"o":"2.27700000","c":"2.27200000","h":"2.27700000","l":"2.27200000","v":"37.94400000","n":3,"x":false,"q":"86.34575000","V":"21.96300000","Q":"49.98778800","B":"0"}}}
1618677379.9063702: {"stream":"swrvbusd@bookTicker","data":{"u":64830208,"s":"SWRVBUSD","b":"2.27300000","B":"21.99200000","a":"2.27700000","A":"1.19200000"}}
1618677379.909369: {"stream":"swrvbusd@bookTicker","data":{"u":64830209,"s":"SWRVBUSD","b":"2.27300000","B":"21.99200000","a":"2.27600000","A":"20.45400000"}}
1618677379.9780622: {"stream":"veteth@depth@100ms","data":{"e":"depthUpdate","E":1618677379924,"s":"VETETH","U":327912986,"u":327912987,"b":[["0.00009359","112.00000000"]],"a":[["0.00009411","224.00000000"]]}}
1618677379.978224: {"stream":"swrvbusd@depth@100ms","data":{"e":"depthUpdate","E":1618677379924,"s":"SWRVBUSD","U":64830206,"u":64830211,"b":[["2.27300000","21.99200000"],["2.27200000","4.44900000"],["2.20900000","22.40800000"]],"a":[["2.27600000","20.45400000"],["2.28100000","229.30200000"],["2.28300000","9.26400000"]]}}
1618677379.981054: {"stream":"aaveupusdt@depth@100ms","data":{"e":"depthUpdate","E":1618677379925,"s":"AAVEUPUSDT","U":82463781,"u":82463781,"b":[["84.57800000","7.70000000"]],"a":[]}}
1618677380.079369: {"stream":"veteth@depth@100ms","data":{"e":"depthUpdate","E":1618677380024,"s":"VETETH","U":327912988,"u":327912988,"b":[["0.00009355","142391.00000000"]],"a":[]}}
1618677380.079503: {"stream":"swrvbusd@depth@100ms","data":{"e":"depthUpdate","E":1618677380024,"s":"SWRVBUSD","U":64830212,"u":64830212,"b":[["2.20300000","34.12400000"]],"a":[]}}
1618677380.079568: {"stream":"aaveupusdt@depth@100ms","data":{"e":"depthUpdate","E":1618677380025,"s":"AAVEUPUSDT","U":82463782,"u":82463783,"b":[["84.11900000","2.57000000"]],"a":[["85.49900000","2.57000000"]]}}
1618677380.111684: {"stream":"aaveupusdt@bookTicker","data":{"u":82463784,"s":"AAVEUPUSDT","b":"84.57900000","B":"0.42000000","a":"84.93500000","A":"0.74000000"}}
1618677380.136114: {"stream":"veteth@bookTicker","data":{"u":327912989,"s":"VETETH","b":"0.00009383","B":"94976.00000000","a":"0.00009404","A":"9006.00000000"}}
1618677380.174606: {"stream":"aaveupusdt@bookTicker","data":{"u":82463785,"s":"AAVEUPUSDT","b":"84.57900000","B":"0.17000000","a":"84.93500000","A":"0.74000000"}}
1618677380.174688: {"stream":"aaveupusdt@bookTicker","data":{"u":82463786,"s":"AAVEUPUSDT","b":"84.58000000","B":"0.25000000","a":"84.93500000","A":"0.74000000"}}
1618677380.188895: {"stream":"veteth@depth@100ms","data":{"e":"depthUpdate","E":1618677380124,"s":"VETETH","U":327912989,"u":327912989,"b":[],"a":[["0.00009404","9006.00000000"]]}}
1618677380.189047: {"stream":"aaveupusdt@depth@100ms","data":{"e":"depthUpdate","E":1618677380125,"s":"AAVEUPUSDT","U":82463784,"u":82463786,"b":[["84.58000000","0.25000000"],["84.57900000","0.17000000"]],"a":[]}}
1618677380.278479: {"stream":"veteth@depth@100ms","data":{"e":"depthUpdate","E":1618677380224,"s":"VETETH","U":327912990,"u":327912990,"b":[["0.00009355","0.00000000"]],"a":[]}}
1618677380.379782: {"stream":"veteth@depth@100ms","data":{"e":"depthUpdate","E":1618677380324,"s":"VETETH","U":327912991,"u":327912991,"b":[],"a":[["0.00009413","158163.00000000"]]}}
1618677380.380197: {"stream":"aaveupusdt@depth@100ms","data":{"e":"depthUpdate","E":1618677380325,"s":"AAVEUPUSDT","U":82463787,"u":82463790,"b":[["84.11900000","0.00000000"]],"a":[["85.20600000","0.00000000"],["85.27300000","130.43000000"],["85.49900000","0.00000000"]]}}
1618677380.4782941: {"stream":"swrvbusd@depth@100ms","data":{"e":"depthUpdate","E":1618677380425,"s":"SWRVBUSD","U":64830213,"u":64830213,"b":[["2.27100000","133.36000000"],["2.27000000","194.05300000"]],"a":[]}}
1618677380.480784: {"stream":"aaveupusdt@depth@100ms","data":{"e":"depthUpdate","E":1618677380425,"s":"AAVEUPUSDT","U":82463791,"u":82463791,"b":[["84.57800000","13.49000000"]],"a":[]}}
1618677380.487958: {"stream":"swrvbusd@bookTicker","data":{"u":64830214,"s":"SWRVBUSD","b":"2.27200000","B":"4.44900000","a":"2.27600000","A":"20.45400000"}}
1618677380.492151: {"stream":"swrvbusd@bookTicker","data":{"u":64830215,"s":"SWRVBUSD","b":"2.27200000","B":"4.44900000","a":"2.27700000","A":"1.19200000"}}
1618677380.579982: {"stream":"veteth@depth@100ms","data":{"e":"depthUpdate","E":1618677380525,"s":"VETETH","U":327912992,"u":327912994,"b":[["0.00009350","142391.00000000"]],"a":[["0.00009405","88406.00000000"],["0.00009417","0.00000000"]]}}
1618677380.580169: {"stream":"swrvbusd@depth@100ms","data":{"e":"depthUpdate","E":1618677380525,"s":"SWRVBUSD","U":64830214,"u":64830216,"b":[["2.27300000","0.00000000"]],"a":[["2.27600000","0.00000000"],["2.28500000","178.71400000"]]}}
1618677380.582369: {"stream":"aaveupusdt@depth@100ms","data":{"e":"depthUpdate","E":1618677380525,"s":"AAVEUPUSDT","U":82463792,"u":82463797,"b":[["84.03900000","309.70000000"],["83.97400000","0.00000000"],["83.95600000","0.00000000"],["83.87900000","0.00000000"],["83.48000000","0.00000000"],["83.47700000","0.00000000"]],"a":[]}}
1618677380.6164942: {"stream":"swrvbusd@bookTicker","data":{"u":64830217,"s":"SWRVBUSD","b":"2.27300000","B":"21.99200000","a":"2.27700000","A":"1.19200000"}}
1618677380.616577: {"stream":"swrvbusd@bookTicker","data":{"u":64830218,"s":"SWRVBUSD","b":"2.27300000","B":"21.99200000","a":"2.27600000","A":"20.45400000"}}
1618677380.679338: {"stream":"veteth@depth@100ms","data":{"e":"depthUpdate","E":1618677380625,"s":"VETETH","U":327912995,"u":327912996,"b":[["0.00009382","0.00000000"]],"a":[["0.00009405","0.00000000"]]}}
1618677380.679519: {"stream":"swrvbusd@depth@100ms","data":{"e":"depthUpdate","E":1618677380625,"s":"SWRVBUSD","U":64830217,"u":64830220,"b":[["2.27300000","21.99200000"],["2.27100000","166.33400000"],["2.27000000","225.74600000"]],"a":[["2.27600000","20.45400000"]]}}
1618677380.681838: {"stream":"aaveupusdt@depth@100ms","data":{"e":"depthUpdate","E":1618677380625,"s":"AAVEUPUSDT","U":82463798,"u":82463799,"b":[],"a":[["85.27300000","0.00000000"],["85.33800000","298.27000000"]]}}
1618677380.704314: {"stream":"busdtry@bookTicker","data":{"u":10166143,"s":"BUSDTRY","b":"8.13000000","B":"125066.57000000","a":"8.14000000","A":"82658.20000000"}}
1618677380.748736: {"stream":"veteth@bookTicker","data":{"u":327912998,"s":"VETETH","b":"0.00009383","B":"94976.00000000","a":"0.00009403","A":"88406.00000000"}}
1618677380.7605069: {"stream":"veteth@bookTicker","data":{"u":327912999,"s":"VETETH","b":"0.00009383","B":"94976.00000000","a":"0.00009404","A":"9006.00000000"}}
1618677380.778504: {"stream":"veteth@depth@100ms","data":{"e":"depthUpdate","E":1618677380725,"s":"VETETH","U":327912997,"u":327912999,"b":[["0.00009151","1642.00000000"]],"a":[["0.00009403","0.00000000"]]}}
1618677380.7811258: {"stream":"busdtry@depth@100ms","data":{"e":"depthUpdate","E":1618677380725,"s":"BUSDTRY","U":10166143,"u":10166143,"b":[],"a":[["8.14000000","82658.20000000"]]}}
1618677380.7812579: {"stream":"aaveupusdt@depth@100ms","data":{"e":"depthUpdate","E":1618677380725,"s":"AAVEUPUSDT","U":82463800,"u":82463801,"b":[["84.57900000","0.00000000"],["84.57800000","7.70000000"]],"a":[]}}
1618677380.821225: {"stream":"veteth@bookTicker","data":{"u":327913001,"s":"VETETH","b":"0.00009380","B":"4016.00000000","a":"0.00009404","A":"9006.00000000"}}
1618677380.872202: {"stream":"aaveupusdt@bookTicker","data":{"u":82463803,"s":"AAVEUPUSDT","b":"84.57900000","B":"0.25000000","a":"84.93500000","A":"0.74000000"}}
1618677380.8786938: {"stream":"veteth@depth@100ms","data":{"e":"depthUpdate","E":1618677380825,"s":"VETETH","U":327913000,"u":327913002,"b":[["0.00009383","0.00000000"]],"a":[["0.00009405","88406.00000000"],["0.00009416","0.00000000"]]}}
1618677380.880933: {"stream":"aaveupusdt@depth@100ms","data":{"e":"depthUpdate","E":1618677380825,"s":"AAVEUPUSDT","U":82463802,"u":82463803,"b":[["84.58000000","0.00000000"],["84.57900000","0.25000000"]],"a":[]}}
1618677380.890785: {"stream":"gtobtc@bookTicker","data":{"u":137196732,"s":"GTOBTC","b":"0.00000162","B":"44443.00000000","a":"0.00000163","A":"345860.00000000"}}
1618677380.908879: {"stream":"veteth@bookTicker","data":{"u":327913003,"s":"VETETH","b":"0.00009381","B":"94986.00000000","a":"0.00009404","A":"9006.00000000"}}
1618677380.949009: {"stream":"aaveupusdt@bookTicker","data":{"u":82463806,"s":"AAVEUPUSDT","b":"84.57800000","B":"7.70000000","a":"84.93500000","A":"0.74000000"}}
1618677380.9490938: {"stream":"veteth@bookTicker","data":{"u":327913005,"s":"VETETH","b":"0.00009381","B":"122684.00000000","a":"0.00009404","A":"9006.00000000"}}
1618677380.949132: {"stream":"aaveupusdt@bookTicker","data":{"u":82463807,"s":"AAVEUPUSDT","b":"84.58100000","B":"0.25000000","a":"84.93500000","A":"0.74000000"}}
1618677380.957439: {"stream":"veteth@bookTicker","data":{"u":327913006,"s":"VETETH","b":"0.00009381","B":"122684.00000000","a":"0.00009403","A":"20330.00000000"}}
1618677380.978527: {"stream":"veteth@depth@100ms","data":{"e":"depthUpdate","E":1618677380925,"s":"VETETH","U":327913003,"u":327913007,"b":[["0.00009381","122684.00000000"]],"a":[["0.00009403","20330.00000000"],["0.00009405","0.00000000"],["0.00009446","24931.00000000"]]}}
1618677380.980583: {"stream":"gtobtc@depth@100ms","data":{"e":"depthUpdate","E":1618677380925,"s":"GTOBTC","U":137196732,"u":137196732,"b":[["0.00000162","44443.00000000"]],"a":[]}}
1618677380.9806561: {"stream":"aaveupusdt@depth@100ms","data":{"e":"depthUpdate","E":1618677380925,"s":"AAVEUPUSDT","U":82463804,"u":82463807,"b":[["84.58100000","0.25000000"],["84.57900000","0.00000000"],["84.10500000","223.67000000"],["84.03900000","0.00000000"]],"a":[]}}
1618677380.984627: {"stream":"veteth@bookTicker","data":{"u":327913008,"s":"VETETH","b":"0.00009381","B":"94986.00000000","a":"0.00009403","A":"20330.00000000"}}
1618677380.9936829: {"stream":"veteth@bookTicker","data":{"u":327913009,"s":"VETETH","b":"0.00009381","B":"94986.00000000","a":"0.00009403","A":"108736.00000000"}}
1618677381.0204349: {"stream":"veteth@bookTicker","data":{"u":327913010,"s":"VETETH","b":"0.00009382","B":"19700.00000000","a":"0.00009403","A":"108736.00000000"}}
1618677381.0225558: {"stream":"veteth@bookTicker","data":{"u":327913011,"s":"VETETH","b":"0.00009381","B":"94986.00000000","a":"0.00009403","A":"108736.00000000"}}
1618677381.02779: {"stream":"aaveupusdt@bookTicker","data":{"u":82463809,"s":"AAVEUPUSDT","b":"84.57900000","B":"0.25000000","a":"84.93500000","A":"0.74000000"}}
1618677381.0561202: {"stream":"veteth@bookTicker","data":{"u":327913012,"s":"VETETH","b":"0.00009382","B":"66441.00000000","a":"0.00009403","A":"108736.00000000"}}
1618677381.0797372: {"stream":"veteth@depth@100ms","data":{"e":"depthUpdate","E":1618677381025,"s":"VETETH","U":327913008,"u":327913013,"b":[["0.00009382","66441.00000000"],["0.00009381","0.00000000"]],"a":[["0.00009403","108736.00000000"]]}}
1618677381.080888: {"stream":"aaveupusdt@depth@100ms","data":{"e":"depthUpdate","E":1618677381025,"s":"AAVEUPUSDT","U":82463808,"u":82463813,"b":[["84.58100000","0.00000000"],["84.57900000","0.25000000"],["84.39400000","2.56000000"]],"a":[["85.33800000","0.00000000"],["85.42500000","234.63000000"],["85.66200000","2.56000000"]]}}
1618677381.094677: {"stream":"swrvbusd@bookTicker","data":{"u":64830221,"s":"SWRVBUSD","b":"2.27200000","B":"4.44900000","a":"2.27600000","A":"20.45400000"}}
1618677381.098806: {"stream":"swrvbusd@bookTicker","data":{"u":64830222,"s":"SWRVBUSD","b":"2.27200000","B":"4.44900000","a":"2.27700000","A":"1.19200000"}}
1618677381.1213472: {"stream":"veteth@bookTicker","data":{"u":327913015,"s":"VETETH","b":"0.00009383","B":"94996.00000000","a":"0.00009403","A":"108736.00000000"}}
1618677381.180237: {"stream":"veteth@depth@100ms","data":{"e":"depthUpdate","E":1618677381125,"s":"VETETH","U":327913014,"u":327913016,"b":[["0.00009383","94996.00000000"],["0.00009382","0.00000000"],["0.00009357","2177.00000000"]],"a":[]}}
1618677381.180419: {"stream":"qspbtc@depth@100ms","data":{"e":"depthUpdate","E":1618677381125,"s":"QSPBTC","U":105811213,"u":105811213,"b":[],"a":[["0.00000196","73029.00000000"]]}}
1618677381.1805: {"stream":"swrvbusd@depth@100ms","data":{"e":"depthUpdate","E":1618677381125,"s":"SWRVBUSD","U":64830221,"u":64830223,"b":[["2.27300000","0.00000000"]],"a":[["2.27600000","0.00000000"],["2.28000000","6.15600000"]]}}
1618677381.180568: {"stream":"steemeth@depth@100ms","data":{"e":"depthUpdate","E":1618677381125,"s":"STEEMETH","U":126265007,"u":126265007,"b":[["0.00050100","471.02000000"]],"a":[]}}
1618677381.181176: {"stream":"aaveupusdt@depth@100ms","data":{"e":"depthUpdate","E":1618677381125,"s":"AAVEUPUSDT","U":82463814,"u":82463814,"b":[],"a":[["85.20500000","0.00000000"]]}}
1618677381.212012: {"stream":"swrvbusd@bookTicker","data":{"u":64830224,"s":"SWRVBUSD","b":"2.27200000","B":"4.44900000","a":"2.27600000","A":"20.45400000"}}
1618677381.212094: {"stream":"swrvbusd@bookTicker","data":{"u":64830225,"s":"SWRVBUSD","b":"2.27300000","B":"21.99200000","a":"2.27600000","A":"20.45400000"}}
1618677381.279922: {"stream":"swrvbusd@depth@100ms","data":{"e":"depthUpdate","E":1618677381225,"s":"SWRVBUSD","U":64830224,"u":64830227,"b":[["2.27300000","21.99200000"]],"a":[["2.27600000","20.45400000"],["2.28000000","224.56400000"],["2.28100000","10.89400000"]]}}
1618677381.2801049: {"stream":"aaveupusdt@depth@100ms","data":{"e":"depthUpdate","E":1618677381225,"s":"AAVEUPUSDT","U":82463815,"u":82463817,"b":[["84.57400000","11.58000000"],["80.90500000","0.00000000"]],"a":[]}}
1618677381.321236: {"stream":"veteth@bookTicker","data":{"u":327913017,"s":"VETETH","b":"0.00009380","B":"4016.00000000","a":"0.00009403","A":"108736.00000000"}}
1618677381.3590431: {"stream":"veteth@bookTicker","data":{"u":327913018,"s":"VETETH","b":"0.00009381","B":"94996.00000000","a":"0.00009403","A":"108736.00000000"}}
1618677381.383435: {"stream":"veteth@depth@100ms","data":{"e":"depthUpdate","E":1618677381325,"s":"VETETH","U":327913017,"u":327913018,"b":[["0.00009383","0.00000000"],["0.00009381","94996.00000000"]],"a":[]}}
1618677381.383606: {"stream":"swrvbusd@depth@100ms","data":{"e":"depthUpdate","E":1618677381325,"s":"SWRVBUSD","U":64830228,"u":64830228,"b":[],"a":[["2.28700000","10.99800000"]]}}
1618677381.389622: {"stream":"aaveupusdt@depth@100ms","data":{"e":"depthUpdate","E":1618677381325,"s":"AAVEUPUSDT","U":82463818,"u":82463820,"b":[["84.39400000","0.00000000"],["81.60800000","0.13000000"]],"a":[["85.66200000","0.00000000"]]}}
1618677381.482419: {"stream":"veteth@depth@100ms","data":{"e":"depthUpdate","E":1618677381425,"s":"VETETH","U":327913019,"u":327913019,"b":[["0.00009151","669.00000000"]],"a":[]}}
1618677381.490008: {"stream":"aaveupusdt@depth@100ms","data":{"e":"depthUpdate","E":1618677381425,"s":"AAVEUPUSDT","U":82463821,"u":82463821,"b":[["84.39100000","0.00000000"]],"a":[]}}
1618677381.613423: {"stream":"veteth@bookTicker","data":{"u":327913020,"s":"VETETH","b":"0.00009381","B":"94996.00000000","a":"0.00009403","A":"20330.00000000"}}
1618677381.6388412: {"stream":"veteth@bookTicker","data":{"u":327913021,"s":"VETETH","b":"0.00009381","B":"94996.00000000","a":"0.00009403","A":"108736.00000000"}}
1618677381.6477928: {"stream":"veteth@bookTicker","data":{"u":327913022,"s":"VETETH","b":"0.00009381","B":"94996.00000000","a":"0.00009403","A":"20330.00000000"}}
1618677381.6795578: {"stream":"swrvbusd@bookTicker","data":{"u":64830229,"s":"SWRVBUSD","b":"2.27200000","B":"4.44900000","a":"2.27600000","A":"20.45400000"}}
1618677381.679641: {"stream":"swrvbusd@bookTicker","data":{"u":64830230,"s":"SWRVBUSD","b":"2.27200000","B":"4.44900000","a":"2.27700000","A":"1.19200000"}}
1618677381.679677: {"stream":"veteth@depth@100ms","data":{"e":"depthUpdate","E":1618677381625,"s":"VETETH","U":327913020,"u":327913022,"b":[],"a":[["0.00009403","20330.00000000"]]}}
1618677381.682692: {"stream":"swrvbusd@depth@100ms","data":{"e":"depthUpdate","E":1618677381625,"s":"SWRVBUSD","U":64830229,"u":64830230,"b":[["2.27300000","0.00000000"]],"a":[["2.27600000","0.00000000"]]}}
1618677381.682814: {"stream":"aaveupusdt@depth@100ms","data":{"e":"depthUpdate","E":1618677381626,"s":"AAVEUPUSDT","U":82463822,"u":82463822,"b":[["84.57400000","17.37000000"]],"a":[]}}
1618677381.75948: {"stream":"swrvbusd@bookTicker","data":{"u":64830231,"s":"SWRVBUSD","b":"2.27200000","B":"4.44900000","a":"2.27600000","A":"20.45400000"}}
1618677381.759561: {"stream":"swrvbusd@bookTicker","data":{"u":64830232,"s":"SWRVBUSD","b":"2.27300000","B":"21.99200000","a":"2.27600000","A":"20.45400000"}}
1618677381.7853792: {"stream":"swrvbusd@depth@100ms","data":{"e":"depthUpdate","E":1618677381725,"s":"SWRVBUSD","U":64830231,"u":64830233,"b":[["2.27300000","21.99200000"],["2.27100000","133.36000000"],["2.27000000","194.05300000"]],"a":[["2.27600000","20.45400000"]]}}
1618677381.7855601: {"stream":"aaveupusdt@depth@100ms","data":{"e":"depthUpdate","E":1618677381726,"s":"AAVEUPUSDT","U":82463823,"u":82463825,"b":[["84.57400000","11.58000000"]],"a":[["85.34900000","282.12000000"],["85.42500000","0.00000000"]]}}
1618677381.881878: {"stream":"swrvbusd@depth@100ms","data":{"e":"depthUpdate","E":1618677381825,"s":"SWRVBUSD","U":64830234,"u":64830236,"b":[["2.27200000","0.00000000"],["2.27100000","166.33400000"],["2.27000000","225.74600000"]],"a":[]}}
1618677381.889241: {"stream":"aaveupusdt@depth@100ms","data":{"e":"depthUpdate","E":1618677381826,"s":"AAVEUPUSDT","U":82463826,"u":82463826,"b":[["84.57400000","5.79000000"]],"a":[]}}
1618677381.889376: {"stream":"veteth@bookTicker","data":{"u":327913023,"s":"VETETH","b":"0.00009381","B":"94996.00000000","a":"0.00009403","A":"108736.00000000"}}
1618677381.915036: {"stream":"veteth@bookTicker","data":{"u":327913024,"s":"VETETH","b":"0.00009381","B":"94996.00000000","a":"0.00009403","A":"20330.00000000"}}
1618677381.968451: {"stream":"veteth@bookTicker","data":{"u":327913025,"s":"VETETH","b":"0.00009382","B":"26856.00000000","a":"0.00009403","A":"20330.00000000"}}
1618677381.981874: {"stream":"veteth@bookTicker","data":{"u":327913026,"s":"VETETH","b":"0.00009381","B":"94996.00000000","a":"0.00009403","A":"20330.00000000"}}
1618677381.981956: {"stream":"veteth@depth@100ms","data":{"e":"depthUpdate","E":1618677381925,"s":"VETETH","U":327913023,"u":327913026,"b":[["0.00009382","0.00000000"]],"a":[["0.00009403","20330.00000000"]]}}
1618677381.989228: {"stream":"qspbtc@depth@100ms","data":{"e":"depthUpdate","E":1618677381925,"s":"QSPBTC","U":105811214,"u":105811214,"b":[["0.00000151","38785.00000000"]],"a":[]}}
1618677381.9893591: {"stream":"aaveupusdt@depth@100ms","data":{"e":"depthUpdate","E":1618677381926,"s":"AAVEUPUSDT","U":82463827,"u":82463829,"b":[["84.57800000","13.49000000"],["84.10500000","0.00000000"],["84.03500000","153.21000000"]],"a":[]}}
1618677381.993951: {"stream":"swrvbusd@kline_1m","data":{"e":"kline","E":1618677381932,"s":"SWRVBUSD","k":{"t":1618677360000,"T":1618677419999,"s":"SWRVBUSD","i":"1m","f":1135631,"L":1135638,"o":"2.27700000","c":"2.27200000","h":"2.27700000","l":"2.27200000","v":"276.52300000","n":8,"x":false,"q":"628.39723800","V":"21.96300000","Q":"49.98778800","B":"0"}}}
1618677381.994071: {"stream":"veteth@bookTicker","data":{"u":327913027,"s":"VETETH","b":"0.00009382","B":"21979.00000000","a":"0.00009403","A":"20330.00000000"}}
1618677381.994115: {"stream":"veteth@bookTicker","data":{"u":327913028,"s":"VETETH","b":"0.00009381","B":"94996.00000000","a":"0.00009403","A":"20330.00000000"}}
1618677382.002354: {"stream":"veteth@bookTicker","data":{"u":327913029,"s":"VETETH","b":"0.00009382","B":"17966.00000000","a":"0.00009403","A":"20330.00000000"}}
1618677382.028044: {"stream":"veteth@bookTicker","data":{"u":327913031,"s":"VETETH","b":"0.00009380","B":"4016.00000000","a":"0.00009403","A":"20330.00000000"}}
1618677382.099825: {"stream":"veteth@depth@100ms","data":{"e":"depthUpdate","E":1618677382025,"s":"VETETH","U":327913027,"u":327913031,"b":[["0.00009382","0.00000000"],["0.00009381","0.00000000"]],"a":[]}}
1618677382.099984: {"stream":"perlbnb@depth@100ms","data":{"e":"depthUpdate","E":1618677382025,"s":"PERLBNB","U":97581330,"u":97581331,"b":[],"a":[["0.00039500","15.00000000"]]}}
1618677382.100069: {"stream":"swrvbusd@depth@100ms","data":{"e":"depthUpdate","E":1618677382025,"s":"SWRVBUSD","U":64830237,"u":64830237,"b":[["2.26900000","0.00000000"]],"a":[]}}
1618677382.1001139: {"stream":"aaveupusdt@depth@100ms","data":{"e":"depthUpdate","E":1618677382026,"s":"AAVEUPUSDT","U":82463830,"u":82463833,"b":[["84.57800000","11.58000000"],["84.57400000","5.79000000"]],"a":[]}}
1618677382.100153: {"stream":"veteth@bookTicker","data":{"u":327913032,"s":"VETETH","b":"0.00009383","B":"94996.00000000","a":"0.00009403","A":"20330.00000000"}}
1618677382.185785: {"stream":"veteth@depth@100ms","data":{"e":"depthUpdate","E":1618677382125,"s":"VETETH","U":327913032,"u":327913033,"b":[["0.00009383","94996.00000000"],["0.00009280","0.00000000"]],"a":[]}}
1618677382.185961: {"stream":"perlbnb@depth@100ms","data":{"e":"depthUpdate","E":1618677382125,"s":"PERLBNB","U":97581332,"u":97581332,"b":[],"a":[["0.00039600","3676.00000000"]]}}
1618677382.186027: {"stream":"swrvbusd@depth@100ms","data":{"e":"depthUpdate","E":1618677382125,"s":"SWRVBUSD","U":64830238,"u":64830238,"b":[["2.16900000","0.00000000"]],"a":[]}}
1618677382.186118: {"stream":"aaveupusdt@depth@100ms","data":{"e":"depthUpdate","E":1618677382126,"s":"AAVEUPUSDT","U":82463834,"u":82463836,"b":[["84.57400000","11.58000000"],["84.11900000","2.57000000"]],"a":[["85.58400000","2.57000000"]]}}
1618677382.245286: {"stream":"veteth@bookTicker","data":{"u":327913034,"s":"VETETH","b":"0.00009380","B":"4016.00000000","a":"0.00009403","A":"20330.00000000"}}
1618677382.278508: {"stream":"veteth@depth@100ms","data":{"e":"depthUpdate","E":1618677382225,"s":"VETETH","U":327913034,"u":327913034,"b":[["0.00009383","0.00000000"]],"a":[]}}
1618677382.278659: {"stream":"perlbnb@depth@100ms","data":{"e":"depthUpdate","E":1618677382225,"s":"PERLBNB","U":97581333,"u":97581334,"b":[],"a":[["0.00039600","3731.00000000"]]}}
1618677382.281625: {"stream":"aaveupusdt@depth@100ms","data":{"e":"depthUpdate","E":1618677382226,"s":"AAVEUPUSDT","U":82463837,"u":82463840,"b":[["84.57800000","5.79000000"],["84.55800000","5.79000000"]],"a":[["85.27600000","254.24000000"],["85.34900000","0.00000000"]]}}
1618677382.336234: {"stream":"veteth@bookTicker","data":{"u":327913035,"s":"VETETH","b":"0.00009381","B":"94996.00000000","a":"0.00009403","A":"20330.00000000"}}
1618677382.3535979: {"stream":"swrvbusd@bookTicker","data":{"u":64830239,"s":"SWRVBUSD","b":"2.27300000","B":"21.99200000","a":"2.27700000","A":"1.19200000"}}
1618677382.357711: {"stream":"swrvbusd@bookTicker","data":{"u":64830240,"s":"SWRVBUSD","b":"2.27100000","B":"166.33400000","a":"2.27700000","A":"1.19200000"}}
1618677382.379478: {"stream":"veteth@depth@100ms","data":{"e":"depthUpdate","E":1618677382325,"s":"VETETH","U":327913035,"u":327913036,"b":[["0.00009381","94996.00000000"],["0.00009372","4220.00000000"]],"a":[]}}
1618677382.379641: {"stream":"perlbnb@depth@100ms","data":{"e":"depthUpdate","E":1618677382325,"s":"PERLBNB","U":97581335,"u":97581335,"b":[],"a":[["0.00039500","2490.00000000"]]}}
1618677382.3797052: {"stream":"swrvbusd@depth@100ms","data":{"e":"depthUpdate","E":1618677382326,"s":"SWRVBUSD","U":64830239,"u":64830240,"b":[["2.27300000","0.00000000"]],"a":[["2.27600000","0.00000000"]]}}
1618677382.381461: {"stream":"aaveupusdt@depth@100ms","data":{"e":"depthUpdate","E":1618677382326,"s":"AAVEUPUSDT","U":82463841,"u":82463843,"b":[["84.57800000","0.00000000"],["84.39300000","0.00000000"],["84.23900000","0.00000000"]],"a":[]}}
1618677382.390947: {"stream":"aaveupusdt@bookTicker","data":{"u":82463844,"s":"AAVEUPUSDT","b":"84.58000000","B":"0.17000000","a":"84.93500000","A":"0.74000000"}}
1618677382.4809961: {"stream":"veteth@depth@100ms","data":{"e":"depthUpdate","E":1618677382425,"s":"VETETH","U":327913037,"u":327913037,"b":[["0.00009270","163196.00000000"]],"a":[]}}
1618677382.481089: {"stream":"perlbnb@depth@100ms","data":{"e":"depthUpdate","E":1618677382425,"s":"PERLBNB","U":97581336,"u":97581336,"b":[],"a":[["0.00039500","15.00000000"]]}}
1618677382.481131: {"stream":"swrvbusd@depth@100ms","data":{"e":"depthUpdate","E":1618677382426,"s":"SWRVBUSD","U":64830241,"u":64830243,"b":[["2.26500000","133.36000000"],["2.15300000","22818.61600000"]],"a":[["2.28300000","107.85500000"]]}}
1618677382.4814389: {"stream":"aaveupusdt@depth@100ms","data":{"e":"depthUpdate","E":1618677382426,"s":"AAVEUPUSDT","U":82463844,"u":82463847,"b":[["84.58000000","0.17000000"],["84.57400000","5.79000000"],["84.55800000","0.00000000"],["83.98200000","0.39000000"]],"a":[]}}
1618677382.4828281: {"stream":"swrvbusd@bookTicker","data":{"u":64830244,"s":"SWRVBUSD","b":"2.27200000","B":"22.00200000","a":"2.27700000","A":"1.19200000"}}
1618677382.484421: {"stream":"swrvbusd@bookTicker","data":{"u":64830245,"s":"SWRVBUSD","b":"2.27200000","B":"22.00200000","a":"2.27600000","A":"20.45400000"}}
1618677382.490007: {"stream":"veteth@bookTicker","data":{"u":327913038,"s":"VETETH","b":"0.00009380","B":"4016.00000000","a":"0.00009403","A":"20330.00000000"}}
1618677382.5084531: {"stream":"aaveupusdt@bookTicker","data":{"u":82463849,"s":"AAVEUPUSDT","b":"84.58100000","B":"0.25000000","a":"84.93500000","A":"0.74000000"}}
1618677382.556649: {"stream":"veteth@bookTicker","data":{"u":327913040,"s":"VETETH","b":"0.00009380","B":"4016.00000000","a":"0.00009403","A":"108736.00000000"}}
1618677382.567648: {"stream":"veteth@bookTicker","data":{"u":327913042,"s":"VETETH","b":"0.00009381","B":"94996.00000000","a":"0.00009403","A":"108736.00000000"}}
1618677382.5799859: {"stream":"veteth@depth@100ms","data":{"e":"depthUpdate","E":1618677382525,"s":"VETETH","U":327913038,"u":327913042,"b":[["0.00009381","94996.00000000"],["0.00009373","1127.00000000"],["0.00009372","0.00000000"]],"a":[["0.00009403","108736.00000000"]]}}
1618677382.580183: {"stream":"perlbnb@depth@100ms","data":{"e":"depthUpdate","E":1618677382525,"s":"PERLBNB","U":97581337,"u":97581338,"b":[],"a":[["0.00039600","3736.00000000"]]}}
1618677382.580247: {"stream":"swrvbusd@depth@100ms","data":{"e":"depthUpdate","E":1618677382526,"s":"SWRVBUSD","U":64830244,"u":64830247,"b":[["2.27200000","22.00200000"],["2.27100000","32.97400000"]],"a":[["2.27600000","20.45400000"],["2.28200000","97.50100000"]]}}
1618677382.582929: {"stream":"aaveupusdt@depth@100ms","data":{"e":"depthUpdate","E":1618677382526,"s":"AAVEUPUSDT","U":82463848,"u":82463853,"b":[["84.58100000","0.25000000"],["84.57900000","0.00000000"],["84.44100000","23.68000000"],["82.39200000","0.00000000"]],"a":[["85.58400000","0.00000000"]]}}
1618677382.6796548: {"stream":"veteth@depth@100ms","data":{"e":"depthUpdate","E":1618677382625,"s":"VETETH","U":327913043,"u":327913045,"b":[["0.00009373","0.00000000"],["0.00009372","0.00000000"]],"a":[]}}
1618677382.679817: {"stream":"swrvbusd@depth@100ms","data":{"e":"depthUpdate","E":1618677382626,"s":"SWRVBUSD","U":64830248,"u":64830248,"b":[],"a":[["2.28400000","12.61200000"]]}}
1618677382.683917: {"stream":"aaveupusdt@depth@100ms","data":{"e":"depthUpdate","E":1618677382627,"s":"AAVEUPUSDT","U":82463854,"u":82463854,"b":[["84.58000000","5.96000000"]],"a":[]}}
1618677382.723508: {"stream":"veteth@bookTicker","data":{"u":327913046,"s":"VETETH","b":"0.00009381","B":"94996.00000000","a":"0.00009403","A":"20330.00000000"}}
1618677382.7558908: {"stream":"veteth@bookTicker","data":{"u":327913047,"s":"VETETH","b":"0.00009381","B":"94996.00000000","a":"0.00009403","A":"108736.00000000"}}
1618677382.779474: {"stream":"veteth@depth@100ms","data":{"e":"depthUpdate","E":1618677382725,"s":"VETETH","U":327913046,"u":327913047,"b":[],"a":[["0.00009403","108736.00000000"]]}}
1618677382.779606: {"stream":"perlbnb@depth@100ms","data":{"e":"depthUpdate","E":1618677382725,"s":"PERLBNB","U":97581339,"u":97581339,"b":[["0.00039000","2250.00000000"]],"a":[]}}
1618677382.7816792: {"stream":"aaveupusdt@depth@100ms","data":{"e":"depthUpdate","E":1618677382726,"s":"AAVEUPUSDT","U":82463855,"u":82463858,"b":[["84.11900000","0.00000000"],["84.03500000","0.00000000"],["83.97000000","333.48000000"],["82.20300000","2.45000000"]],"a":[]}}
1618677382.879479: {"stream":"perlbnb@depth@100ms","data":{"e":"depthUpdate","E":1618677382825,"s":"PERLBNB","U":97581340,"u":97581340,"b":[["0.00039000","25217.00000000"]],"a":[]}}
1618677382.8826728: {"stream":"aaveupusdt@depth@100ms","data":{"e":"depthUpdate","E":1618677382826,"s":"AAVEUPUSDT","U":82463859,"u":82463859,"b":[["84.55800000","5.79000000"]],"a":[]}}
1618677382.907228: {"stream":"swrvbusd@bookTicker","data":{"u":64830249,"s":"SWRVBUSD","b":"2.27200000","B":"22.00200000","a":"2.27700000","A":"1.19200000"}}
1618677382.916818: {"stream":"aaveupusdt@bookTicker","data":{"u":82463862,"s":"AAVEUPUSDT","b":"84.58100000","B":"0.25000000","a":"84.93400000","A":"94.16000000"}}
1618677382.9286761: {"stream":"aaveupusdt@bookTicker","data":{"u":82463863,"s":"AAVEUPUSDT","b":"84.58100000","B":"0.25000000","a":"84.93400000","A":"200.09000000"}}
1618677382.934381: {"stream":"aaveupusdt@bookTicker","data":{"u":82463864,"s":"AAVEUPUSDT","b":"84.58100000","B":"0.25000000","a":"84.93400000","A":"221.49000000"}}
1618677382.946265: {"stream":"veteth@bookTicker","data":{"u":327913048,"s":"VETETH","b":"0.00009381","B":"128469.00000000","a":"0.00009403","A":"108736.00000000"}}
1618677382.981556: {"stream":"veteth@depth@100ms","data":{"e":"depthUpdate","E":1618677382925,"s":"VETETH","U":327913048,"u":327913048,"b":[["0.00009381","128469.00000000"]],"a":[]}}
1618677382.982112: {"stream":"swrvbusd@depth@100ms","data":{"e":"depthUpdate","E":1618677382926,"s":"SWRVBUSD","U":64830249,"u":64830250,"b":[["2.27100000","39.12900000"]],"a":[["2.27600000","0.00000000"]]}}
1618677382.985363: {"stream":"steemeth@depth@100ms","data":{"e":"depthUpdate","E":1618677382926,"s":"STEEMETH","U":126265008,"u":126265008,"b":[["0.00050100","749.97000000"]],"a":[]}}
1618677382.985494: {"stream":"aaveupusdt@depth@100ms","data":{"e":"depthUpdate","E":1618677382926,"s":"AAVEUPUSDT","U":82463860,"u":82463865,"b":[["84.58000000","0.00000000"],["84.57400000","0.00000000"]],"a":[["84.93400000","221.49000000"]]}}
1618677382.985641: {"stream":"veteth@bookTicker","data":{"u":327913049,"s":"VETETH","b":"0.00009381","B":"128469.00000000","a":"0.00009403","A":"88406.00000000"}}
1618677382.9856791: {"stream":"swrvbusd@bookTicker","data":{"u":64830251,"s":"SWRVBUSD","b":"2.27200000","B":"22.00200000","a":"2.27600000","A":"20.45400000"}}
1618677382.994633: {"stream":"veteth@bookTicker","data":{"u":327913050,"s":"VETETH","b":"0.00009381","B":"94996.00000000","a":"0.00009403","A":"88406.00000000"}}
1618677383.000163: {"stream":"gtobtc@bookTicker","data":{"u":137196733,"s":"GTOBTC","b":"0.00000162","B":"49627.00000000","a":"0.00000163","A":"345860.00000000"}}
1618677383.0786262: {"stream":"veteth@depth@100ms","data":{"e":"depthUpdate","E":1618677383025,"s":"VETETH","U":327913049,"u":327913050,"b":[["0.00009381","94996.00000000"]],"a":[["0.00009403","88406.00000000"]]}}
1618677383.08092: {"stream":"swrvbusd@depth@100ms","data":{"e":"depthUpdate","E":1618677383026,"s":"SWRVBUSD","U":64830251,"u":64830254,"b":[["2.27100000","6.15500000"],["2.27000000","194.05300000"],["2.26600000","32.98100000"],["2.26500000","165.06100000"]],"a":[["2.27600000","20.45400000"]]}}
1618677383.0810308: {"stream":"gtobtc@depth@100ms","data":{"e":"depthUpdate","E":1618677383026,"s":"GTOBTC","U":137196733,"u":137196733,"b":[["0.00000162","49627.00000000"]],"a":[]}}
1618677383.0810728: {"stream":"aaveupusdt@depth@100ms","data":{"e":"depthUpdate","E":1618677383026,"s":"AAVEUPUSDT","U":82463866,"u":82463870,"b":[["84.58000000","5.79000000"],["84.57400000","5.79000000"],["84.55800000","0.00000000"],["84.11900000","2.57000000"]],"a":[["85.49900000","2.57000000"]]}}
1618677383.189112: {"stream":"perlbnb@depth@100ms","data":{"e":"depthUpdate","E":1618677383125,"s":"PERLBNB","U":97581341,"u":97581342,"b":[],"a":[["0.00039600","3731.00000000"]]}}
1618677383.1892421: {"stream":"aaveupusdt@depth@100ms","data":{"e":"depthUpdate","E":1618677383126,"s":"AAVEUPUSDT","U":82463871,"u":82463871,"b":[["84.58000000","11.58000000"]],"a":[]}}
1618677383.2725: {"stream":"veteth@bookTicker","data":{"u":327913051,"s":"VETETH","b":"0.00009381","B":"94996.00000000","a":"0.00009402","A":"20330.00000000"}}
1618677383.281024: {"stream":"veteth@depth@100ms","data":{"e":"depthUpdate","E":1618677383225,"s":"VETETH","U":327913051,"u":327913051,"b":[],"a":[["0.00009402","20330.00000000"]]}}
1618677383.281178: {"stream":"perlbnb@depth@100ms","data":{"e":"depthUpdate","E":1618677383225,"s":"PERLBNB","U":97581343,"u":97581343,"b":[],"a":[["0.00039500","2488.00000000"]]}}
1618677383.2812438: {"stream":"aaveupusdt@depth@100ms","data":{"e":"depthUpdate","E":1618677383226,"s":"AAVEUPUSDT","U":82463872,"u":82463873,"b":[["84.44100000","0.00000000"]],"a":[]}}
1618677383.314156: {"stream":"veteth@bookTicker","data":{"u":327913054,"s":"VETETH","b":"0.00009381","B":"94996.00000000","a":"0.00009401","A":"88406.00000000"}}
1618677383.3792698: {"stream":"veteth@depth@100ms","data":{"e":"depthUpdate","E":1618677383325,"s":"VETETH","U":327913052,"u":327913054,"b":[],"a":[["0.00009401","88406.00000000"],["0.00009403","0.00000000"],["0.00009446","174.00000000"]]}}
1618677383.3794591: {"stream":"perlbnb@depth@100ms","data":{"e":"depthUpdate","E":1618677383325,"s":"PERLBNB","U":97581344,"u":97581344,"b":[],"a":[["0.00039600","1262.00000000"]]}}
1618677383.3798249: {"stream":"swrvbusd@depth@100ms","data":{"e":"depthUpdate","E":1618677383326,"s":"SWRVBUSD","U":64830255,"u":64830255,"b":[["2.27000000","95.46200000"]],"a":[]}}
1618677383.381547: {"stream":"aaveupusdt@depth@100ms","data":{"e":"depthUpdate","E":1618677383326,"s":"AAVEUPUSDT","U":82463874,"u":82463876,"b":[["84.57400000","11.58000000"],["84.11900000","0.00000000"]],"a":[["85.49900000","0.00000000"]]}}
1618677383.472119: {"stream":"swrvbusd@bookTicker","data":{"u":64830257,"s":"SWRVBUSD","b":"2.27000000","B":"95.46200000","a":"2.27600000","A":"20.45400000"}}
1618677383.472202: {"stream":"swrvbusd@bookTicker","data":{"u":64830258,"s":"SWRVBUSD","b":"2.27000000","B":"95.46200000","a":"2.27700000","A":"1.19200000"}}
1618677383.4802718: {"stream":"veteth@depth@100ms","data":{"e":"depthUpdate","E":1618677383425,"s":"VETETH","U":327913055,"u":327913055,"b":[],"a":[["0.00009412","27336.00000000"]]}}
1618677383.480403: {"stream":"perlbnb@depth@100ms","data":{"e":"depthUpdate","E":1618677383425,"s":"PERLBNB","U":97581345,"u":97581347,"b":[["0.00039000","2250.00000000"]],"a":[["0.00039500","15.00000000"],["0.00039600","3738.00000000"]]}}
1618677383.480486: {"stream":"swrvbusd@depth@100ms","data":{"e":"depthUpdate","E":1618677383426,"s":"SWRVBUSD","U":64830256,"u":64830258,"b":[["2.27200000","0.00000000"],["2.27100000","0.00000000"]],"a":[["2.27600000","0.00000000"]]}}
1618677383.48088: {"stream":"gtobtc@depth@100ms","data":{"e":"depthUpdate","E":1618677383426,"s":"GTOBTC","U":137196734,"u":137196735,"b":[["0.00000161","102929.00000000"]],"a":[]}}
1618677383.537965: {"stream":"swrvbusd@bookTicker","data":{"u":64830259,"s":"SWRVBUSD","b":"2.27100000","B":"22.01100000","a":"2.27700000","A":"1.19200000"}}
1618677383.540481: {"stream":"swrvbusd@bookTicker","data":{"u":64830260,"s":"SWRVBUSD","b":"2.27100000","B":"22.01100000","a":"2.27600000","A":"20.45400000"}}
1618677383.58205: {"stream":"swrvbusd@depth@100ms","data":{"e":"depthUpdate","E":1618677383526,"s":"SWRVBUSD","U":64830259,"u":64830261,"b":[["2.27100000","22.01100000"],["2.26700000","191.48800000"]],"a":[["2.27600000","20.45400000"]]}}
1618677383.582226: {"stream":"aaveupusdt@depth@100ms","data":{"e":"depthUpdate","E":1618677383526,"s":"AAVEUPUSDT","U":82463877,"u":82463877,"b":[],"a":[["102.00000000","71.43000000"]]}}
1618677383.681608: {"stream":"aaveupusdt@depth@100ms","data":{"e":"depthUpdate","E":1618677383626,"s":"AAVEUPUSDT","U":82463878,"u":82463878,"b":[["84.57400000","17.37000000"]],"a":[]}}
1618677383.781742: {"stream":"aaveupusdt@depth@100ms","data":{"e":"depthUpdate","E":1618677383726,"s":"AAVEUPUSDT","U":82463879,"u":82463883,"b":[["84.58000000","0.00000000"],["84.57400000","11.58000000"]],"a":[]}}
1618677383.8590631: {"stream":"aaveupusdt@bookTicker","data":{"u":82463886,"s":"AAVEUPUSDT","b":"84.57800000","B":"5.79000000","a":"84.93400000","A":"221.49000000"}}
1618677383.881448: {"stream":"aaveupusdt@depth@100ms","data":{"e":"depthUpdate","E":1618677383826,"s":"AAVEUPUSDT","U":82463884,"u":82463886,"b":[["84.58100000","0.00000000"],["84.57800000","5.79000000"],["84.57500000","0.25000000"]],"a":[]}}
1618677383.9818702: {"stream":"aaveupusdt@depth@100ms","data":{"e":"depthUpdate","E":1618677383926,"s":"AAVEUPUSDT","U":82463887,"u":82463887,"b":[["84.57400000","5.79000000"]],"a":[]}}
1618677384.0070689: {"stream":"aaveupusdt@bookTicker","data":{"u":82463889,"s":"AAVEUPUSDT","b":"84.57900000","B":"0.25000000","a":"84.93400000","A":"221.49000000"}}
1618677384.0822039: {"stream":"aaveupusdt@depth@100ms","data":{"e":"depthUpdate","E":1618677384027,"s":"AAVEUPUSDT","U":82463888,"u":82463894,"b":[["84.57900000","0.25000000"],["84.57800000","0.00000000"],["84.57500000","0.00000000"],["84.57400000","11.58000000"],["84.55700000","6.80000000"]],"a":[]}}
1618677384.090813: {"stream":"swrvbusd@bookTicker","data":{"u":64830262,"s":"SWRVBUSD","b":"2.27100000","B":"22.01100000","a":"2.27700000","A":"1.19200000"}}
1618677384.181001: {"stream":"perlbnb@depth@100ms","data":{"e":"depthUpdate","E":1618677384126,"s":"PERLBNB","U":97581348,"u":97581348,"b":[],"a":[["0.00039600","6207.00000000"]]}}
1618677384.181133: {"stream":"swrvbusd@depth@100ms","data":{"e":"depthUpdate","E":1618677384126,"s":"SWRVBUSD","U":64830262,"u":64830262,"b":[],"a":[["2.27600000","0.00000000"]]}}
1618677384.181223: {"stream":"aaveupusdt@depth@100ms","data":{"e":"depthUpdate","E":1618677384126,"s":"AAVEUPUSDT","U":82463895,"u":82463897,"b":[["84.57400000","17.37000000"],["84.11900000","2.57000000"]],"a":[["85.49900000","2.57000000"]]}}
1618677384.185869: {"stream":"swrvbusd@bookTicker","data":{"u":64830264,"s":"SWRVBUSD","b":"2.27100000","B":"22.01100000","a":"2.27600000","A":"20.45400000"}}
1618677384.21117: {"stream":"aaveupusdt@bookTicker","data":{"u":82463898,"s":"AAVEUPUSDT","b":"84.57400000","B":"17.37000000","a":"84.93400000","A":"221.49000000"}}
1618677384.211228: {"stream":"aaveupusdt@bookTicker","data":{"u":82463899,"s":"AAVEUPUSDT","b":"84.57500000","B":"0.25000000","a":"84.93400000","A":"221.49000000"}}
1618677384.232981: {"stream":"aaveupusdt@bookTicker","data":{"u":82463901,"s":"AAVEUPUSDT","b":"84.57500000","B":"0.25000000","a":"84.93300000","A":"1.50000000"}}
1618677384.28548: {"stream":"perlbnb@depth@100ms","data":{"e":"depthUpdate","E":1618677384226,"s":"PERLBNB","U":97581349,"u":97581349,"b":[["0.00039000","31235.00000000"]],"a":[]}}
1618677384.285614: {"stream":"qspbtc@depth@100ms","data":{"e":"depthUpdate","E":1618677384226,"s":"QSPBTC","U":105811215,"u":105811215,"b":[["0.00000149","11076.00000000"]],"a":[]}}
1618677384.28568: {"stream":"swrvbusd@depth@100ms","data":{"e":"depthUpdate","E":1618677384226,"s":"SWRVBUSD","U":64830263,"u":64830266,"b":[["2.26800000","32.98100000"],["2.26600000","0.00000000"],["2.26500000","165.06100000"]],"a":[["2.27600000","20.45400000"]]}}
1618677384.285797: {"stream":"aaveupusdt@depth@100ms","data":{"e":"depthUpdate","E":1618677384227,"s":"AAVEUPUSDT","U":82463898,"u":82463901,"b":[["84.57900000","0.00000000"],["84.57500000","0.25000000"],["84.57400000","11.58000000"]],"a":[["84.93300000","1.50000000"]]}}
1618677384.382524: {"stream":"aaveupusdt@depth@100ms","data":{"e":"depthUpdate","E":1618677384327,"s":"AAVEUPUSDT","U":82463902,"u":82463903,"b":[["84.57400000","0.00000000"]],"a":[]}}
1618677384.409149: {"stream":"aaveupusdt@bookTicker","data":{"u":82463904,"s":"AAVEUPUSDT","b":"84.55700000","B":"6.80000000","a":"84.93300000","A":"1.50000000"}}
1618677384.415723: {"stream":"aaveupusdt@bookTicker","data":{"u":82463905,"s":"AAVEUPUSDT","b":"84.58000000","B":"5.79000000","a":"84.93300000","A":"1.50000000"}}
1618677384.433951: {"stream":"aaveupusdt@bookTicker","data":{"u":82463907,"s":"AAVEUPUSDT","b":"84.58000000","B":"5.79000000","a":"84.93400000","A":"221.49000000"}}
1618677384.48107: {"stream":"swrvbusd@depth@100ms","data":{"e":"depthUpdate","E":1618677384426,"s":"SWRVBUSD","U":64830267,"u":64830267,"b":[["2.26800000","131.57200000"]],"a":[]}}
1618677384.481199: {"stream":"aaveupusdt@depth@100ms","data":{"e":"depthUpdate","E":1618677384427,"s":"AAVEUPUSDT","U":82463904,"u":82463908,"b":[["84.58000000","5.79000000"],["84.57500000","0.00000000"],["84.57400000","5.79000000"],["84.55800000","0.25000000"]],"a":[["84.93300000","0.00000000"]]}}
1618677384.4966981: {"stream":"aaveupusdt@bookTicker","data":{"u":82463910,"s":"AAVEUPUSDT","b":"84.58100000","B":"0.25000000","a":"84.93400000","A":"221.49000000"}}
1618677384.583342: {"stream":"aaveupusdt@depth@100ms","data":{"e":"depthUpdate","E":1618677384527,"s":"AAVEUPUSDT","U":82463909,"u":82463913,"b":[["84.58100000","0.25000000"],["84.58000000","0.00000000"],["84.55800000","0.00000000"]],"a":[["85.21300000","128.04000000"],["85.27600000","0.00000000"]]}}
1618677384.6010292: {"stream":"aaveupusdt@bookTicker","data":{"u":82463914,"s":"AAVEUPUSDT","b":"84.57400000","B":"5.79000000","a":"84.93400000","A":"221.49000000"}}
1618677384.601113: {"stream":"aaveupusdt@bookTicker","data":{"u":82463915,"s":"AAVEUPUSDT","b":"84.57500000","B":"0.25000000","a":"84.93400000","A":"221.49000000"}}
