wss://stream.binance.com:9443/stream?streams=nknusdt@depth@100ms/blzeth@depth@100ms/lrcbtc@depth@100ms/runeeur@depth@100ms/nknusdt@bookTicker/blzeth@bookTicker/lrcbtc@bookTicker/runeeur@bookTicker/nknusdt@kline_1m/blzeth@kline_1m/lrcbtc@kline_1m/runeeur@kline_1m/nknusdt@aggTrade/blzeth@aggTrade/lrcbtc@aggTrade/runeeur@aggTrade <-> 1633998511.159679
1633998512.0633569: {"stream":"nknusdt@depth@100ms","data":{"e":"depthUpdate","E":1633998512068,"s":"NKNUSDT","U":499869750,"u":499869752,"b":[["0.35130000","6195.00000000"],["0.34750000","5548.00000000"],["0.34640000","6222.00000000"]],"a":[]}}
1633998512.564785: {"stream":"nknusdt@depth@100ms","data":{"e":"depthUpdate","E":1633998512568,"s":"NKNUSDT","U":499869753,"u":499869754,"b":[["0.35170000","4265.00000000"]],"a":[["0.35290000","10968.00000000"]]}}
1633998512.663777: {"stream":"nknusdt@depth@100ms","data":{"e":"depthUpdate","E":1633998512668,"s":"NKNUSDT","U":499869755,"u":499869757,"b":[["0.35200000","1290.00000000"],["0.34730000","106.00000000"],["0.34690000","14009.00000000"]],"a":[]}}
1633998512.86375: {"stream":"nknusdt@depth@100ms","data":{"e":"depthUpdate","E":1633998512868,"s":"NKNUSDT","U":499869758,"u":499869759,"b":[["0.34920000","19253.00000000"],["0.34810000","9965.00000000"]],"a":[]}}
1633998513.0638819: {"stream":"nknusdt@depth@100ms","data":{"e":"depthUpdate","E":1633998513068,"s":"NKNUSDT","U":499869760,"u":499869760,"b":[],"a":[["0.35380000","3027.00000000"]]}}
1633998513.264469: {"stream":"nknusdt@depth@100ms","data":{"e":"depthUpdate","E":1633998513268,"s":"NKNUSDT","U":499869761,"u":499869764,"b":[["0.35090000","59.00000000"]],"a":[["0.35280000","7231.00000000"],["0.35300000","6500.00000000"]]}}
1633998513.3663769: {"stream":"nknusdt@depth@100ms","data":{"e":"depthUpdate","E":1633998513369,"s":"NKNUSDT","U":499869765,"u":499869767,"b":[["0.35120000","6567.00000000"],["0.35080000","8246.00000000"]],"a":[["0.35340000","0.00000000"]]}}
1633998513.377805: {"stream":"nknusdt@bookTicker","data":{"u":499869768,"s":"NKNUSDT","b":"0.35210000","B":"672.00000000","a":"0.35260000","A":"3199.00000000"}}
1633998513.3923042: {"stream":"nknusdt@bookTicker","data":{"u":499869769,"s":"NKNUSDT","b":"0.35210000","B":"672.00000000","a":"0.35250000","A":"1123.00000000"}}
1633998513.465374: {"stream":"nknusdt@depth@100ms","data":{"e":"depthUpdate","E":1633998513469,"s":"NKNUSDT","U":499869768,"u":499869769,"b":[],"a":[["0.35250000","1123.00000000"]]}}
1633998513.76519: {"stream":"nknusdt@depth@100ms","data":{"e":"depthUpdate","E":1633998513769,"s":"NKNUSDT","U":499869770,"u":499869770,"b":[["0.35180000","3631.00000000"]],"a":[]}}
1633998513.8647418: {"stream":"nknusdt@depth@100ms","data":{"e":"depthUpdate","E":1633998513869,"s":"NKNUSDT","U":499869771,"u":499869771,"b":[["0.35060000","10465.00000000"]],"a":[]}}
1633998514.265259: {"stream":"nknusdt@depth@100ms","data":{"e":"depthUpdate","E":1633998514269,"s":"NKNUSDT","U":499869772,"u":499869772,"b":[["0.34750000","5402.00000000"]],"a":[]}}
1633998514.465973: {"stream":"blzeth@depth@100ms","data":{"e":"depthUpdate","E":1633998514469,"s":"BLZETH","U":281916627,"u":281916627,"b":[["0.00006421","0.00000000"]],"a":[]}}
1633998514.764411: {"stream":"nknusdt@depth@100ms","data":{"e":"depthUpdate","E":1633998514769,"s":"NKNUSDT","U":499869773,"u":499869775,"b":[],"a":[["0.35330000","7184.00000000"],["0.35370000","4531.00000000"],["0.35430000","0.00000000"]]}}
1633998515.053369: {"stream":"nknusdt@bookTicker","data":{"u":499869778,"s":"NKNUSDT","b":"0.35210000","B":"672.00000000","a":"0.35240000","A":"3959.00000000"}}
1633998515.0645509: {"stream":"nknusdt@depth@100ms","data":{"e":"depthUpdate","E":1633998515069,"s":"NKNUSDT","U":499869776,"u":499869780,"b":[["0.35180000","2928.00000000"],["0.35150000","4020.00000000"],["0.34830000","5407.00000000"]],"a":[["0.35240000","3959.00000000"],["0.35330000","8794.00000000"]]}}
1633998515.1662421: {"stream":"nknusdt@depth@100ms","data":{"e":"depthUpdate","E":1633998515169,"s":"NKNUSDT","U":499869781,"u":499869784,"b":[["0.35160000","16059.00000000"],["0.34700000","47626.00000000"]],"a":[["0.35370000","0.00000000"],["0.35480000","888.00000000"]]}}
1633998515.2649531: {"stream":"nknusdt@depth@100ms","data":{"e":"depthUpdate","E":1633998515269,"s":"NKNUSDT","U":499869785,"u":499869788,"b":[["0.35160000","18898.00000000"]],"a":[["0.35280000","10070.00000000"],["0.35330000","14179.00000000"],["0.35450000","6052.00000000"]]}}
1633998515.564826: {"stream":"nknusdt@depth@100ms","data":{"e":"depthUpdate","E":1633998515570,"s":"NKNUSDT","U":499869789,"u":499869789,"b":[],"a":[["0.35330000","14113.00000000"]]}}
1633998515.665749: {"stream":"nknusdt@depth@100ms","data":{"e":"depthUpdate","E":1633998515670,"s":"NKNUSDT","U":499869790,"u":499869790,"b":[["0.34650000","5861.00000000"]],"a":[]}}
1633998515.866048: {"stream":"nknusdt@depth@100ms","data":{"e":"depthUpdate","E":1633998515870,"s":"NKNUSDT","U":499869791,"u":499869791,"b":[],"a":[["0.35300000","13029.00000000"]]}}
1633998515.965727: {"stream":"nknusdt@depth@100ms","data":{"e":"depthUpdate","E":1633998515970,"s":"NKNUSDT","U":499869792,"u":499869794,"b":[["0.34710000","179.00000000"]],"a":[["0.35310000","152.00000000"]]}}
1633998515.971626: {"stream":"nknusdt@bookTicker","data":{"u":499869797,"s":"NKNUSDT","b":"0.35210000","B":"42.00000000","a":"0.35240000","A":"3959.00000000"}}
1633998516.065856: {"stream":"nknusdt@depth@100ms","data":{"e":"depthUpdate","E":1633998516070,"s":"NKNUSDT","U":499869795,"u":499869798,"b":[["0.35210000","42.00000000"],["0.35200000","1920.00000000"],["0.35130000","7069.00000000"]],"a":[["0.35310000","648.00000000"]]}}
1633998516.4666328: {"stream":"nknusdt@depth@100ms","data":{"e":"depthUpdate","E":1633998516470,"s":"NKNUSDT","U":499869799,"u":499869799,"b":[["0.34410000","0.00000000"]],"a":[]}}
1633998516.667783: {"stream":"lrcbtc@depth@100ms","data":{"e":"depthUpdate","E":1633998516670,"s":"LRCBTC","U":259345536,"u":259345539,"b":[["0.00000636","10310.00000000"],["0.00000634","44780.00000000"]],"a":[["0.00000639","23417.00000000"],["0.00000640","15869.00000000"]]}}
1633998516.854304: {"stream":"lrcbtc@depth@100ms","data":{"e":"depthUpdate","E":1633998516770,"s":"LRCBTC","U":259345540,"u":259345543,"b":[["0.00000636","12625.00000000"],["0.00000634","50943.00000000"]],"a":[["0.00000639","25210.00000000"],["0.00000640","22032.00000000"]]}}
1633998517.06801: {"stream":"nknusdt@bookTicker","data":{"u":499869800,"s":"NKNUSDT","b":"0.35210000","B":"42.00000000","a":"0.35250000","A":"1123.00000000"}}
1633998517.1656551: {"stream":"nknusdt@depth@100ms","data":{"e":"depthUpdate","E":1633998517170,"s":"NKNUSDT","U":499869800,"u":499869802,"b":[["0.35060000","4541.00000000"],["0.34290000","225.00000000"]],"a":[["0.35240000","0.00000000"]]}}
1633998517.266359: {"stream":"nknusdt@depth@100ms","data":{"e":"depthUpdate","E":1633998517270,"s":"NKNUSDT","U":499869803,"u":499869804,"b":[["0.35030000","23579.00000000"],["0.34880000","10597.00000000"]],"a":[]}}
1633998517.458784: {"stream":"nknusdt@bookTicker","data":{"u":499869805,"s":"NKNUSDT","b":"0.35210000","B":"42.00000000","a":"0.35240000","A":"3959.00000000"}}
1633998517.465451: {"stream":"nknusdt@depth@100ms","data":{"e":"depthUpdate","E":1633998517470,"s":"NKNUSDT","U":499869805,"u":499869805,"b":[],"a":[["0.35240000","3959.00000000"]]}}
1633998518.767367: {"stream":"nknusdt@depth@100ms","data":{"e":"depthUpdate","E":1633998518771,"s":"NKNUSDT","U":499869806,"u":499869806,"b":[["0.35150000","1059.00000000"]],"a":[]}}
1633998519.367318: {"stream":"nknusdt@depth@100ms","data":{"e":"depthUpdate","E":1633998519371,"s":"NKNUSDT","U":499869807,"u":499869807,"b":[["0.35180000","3518.00000000"]],"a":[]}}
1633998519.467168: {"stream":"nknusdt@depth@100ms","data":{"e":"depthUpdate","E":1633998519471,"s":"NKNUSDT","U":499869808,"u":499869809,"b":[["0.35180000","4700.00000000"]],"a":[]}}
1633998519.479627: {"stream":"nknusdt@bookTicker","data":{"u":499869810,"s":"NKNUSDT","b":"0.35210000","B":"42.00000000","a":"0.35250000","A":"1123.00000000"}}
1633998519.510019: {"stream":"lrcbtc@bookTicker","data":{"u":259345545,"s":"LRCBTC","b":"0.00000637","B":"6500.00000000","a":"0.00000638","A":"27122.00000000"}}
1633998519.567317: {"stream":"lrcbtc@depth@100ms","data":{"e":"depthUpdate","E":1633998519571,"s":"LRCBTC","U":259345544,"u":259345545,"b":[],"a":[["0.00000638","27122.00000000"],["0.00000641","68782.00000000"]]}}
1633998519.567601: {"stream":"nknusdt@depth@100ms","data":{"e":"depthUpdate","E":1633998519571,"s":"NKNUSDT","U":499869810,"u":499869810,"b":[],"a":[["0.35240000","0.00000000"]]}}
1633998519.767082: {"stream":"nknusdt@depth@100ms","data":{"e":"depthUpdate","E":1633998519771,"s":"NKNUSDT","U":499869811,"u":499869811,"b":[["0.34750000","2032.00000000"]],"a":[]}}
1633998519.867361: {"stream":"nknusdt@depth@100ms","data":{"e":"depthUpdate","E":1633998519871,"s":"NKNUSDT","U":499869812,"u":499869812,"b":[["0.35180000","5291.00000000"]],"a":[]}}
1633998519.878273: {"stream":"nknusdt@bookTicker","data":{"u":499869813,"s":"NKNUSDT","b":"0.35210000","B":"42.00000000","a":"0.35240000","A":"3959.00000000"}}
1633998519.9670532: {"stream":"nknusdt@depth@100ms","data":{"e":"depthUpdate","E":1633998519971,"s":"NKNUSDT","U":499869813,"u":499869813,"b":[],"a":[["0.35240000","3959.00000000"]]}}
1633998520.066609: {"stream":"nknusdt@depth@100ms","data":{"e":"depthUpdate","E":1633998520071,"s":"NKNUSDT","U":499869814,"u":499869814,"b":[["0.34670000","5154.00000000"]],"a":[]}}
1633998520.266392: {"stream":"nknusdt@depth@100ms","data":{"e":"depthUpdate","E":1633998520271,"s":"NKNUSDT","U":499869815,"u":499869815,"b":[["0.35180000","5881.00000000"]],"a":[]}}
1633998520.467223: {"stream":"nknusdt@depth@100ms","data":{"e":"depthUpdate","E":1633998520472,"s":"NKNUSDT","U":499869816,"u":499869817,"b":[["0.35180000","5291.00000000"],["0.35150000","196.00000000"]],"a":[]}}
1633998520.567234: {"stream":"nknusdt@depth@100ms","data":{"e":"depthUpdate","E":1633998520572,"s":"NKNUSDT","U":499869818,"u":499869820,"b":[["0.35180000","4700.00000000"],["0.35170000","0.00000000"],["0.35150000","4463.00000000"]],"a":[]}}
1633998520.666998: {"stream":"nknusdt@depth@100ms","data":{"e":"depthUpdate","E":1633998520672,"s":"NKNUSDT","U":499869821,"u":499869821,"b":[["0.35150000","196.00000000"]],"a":[]}}
1633998521.067891: {"stream":"nknusdt@depth@100ms","data":{"e":"depthUpdate","E":1633998521072,"s":"NKNUSDT","U":499869822,"u":499869827,"b":[["0.35190000","1490.00000000"],["0.35180000","3518.00000000"],["0.35140000","24478.00000000"]],"a":[]}}
1633998521.168131: {"stream":"nknusdt@depth@100ms","data":{"e":"depthUpdate","E":1633998521172,"s":"NKNUSDT","U":499869828,"u":499869828,"b":[["0.35200000","1774.00000000"]],"a":[]}}
1633998521.203037: {"stream":"nknusdt@bookTicker","data":{"u":499869830,"s":"NKNUSDT","b":"0.35210000","B":"42.00000000","a":"0.35240000","A":"4589.00000000"}}
1633998521.268276: {"stream":"nknusdt@depth@100ms","data":{"e":"depthUpdate","E":1633998521272,"s":"NKNUSDT","U":499869829,"u":499869830,"b":[],"a":[["0.35240000","4589.00000000"],["0.35260000","2569.00000000"]]}}
1633998521.3691032: {"stream":"nknusdt@depth@100ms","data":{"e":"depthUpdate","E":1633998521372,"s":"NKNUSDT","U":499869831,"u":499869831,"b":[["0.35090000","1680.00000000"]],"a":[]}}
1633998521.569321: {"stream":"nknusdt@depth@100ms","data":{"e":"depthUpdate","E":1633998521572,"s":"NKNUSDT","U":499869832,"u":499869833,"b":[["0.35170000","4265.00000000"],["0.35130000","7932.00000000"]],"a":[]}}
1633998521.577914: {"stream":"lrcbtc@bookTicker","data":{"u":259345546,"s":"LRCBTC","b":"0.00000637","B":"6500.00000000","a":"0.00000638","A":"5219.00000000"}}
1633998521.669675: {"stream":"nknusdt@depth@100ms","data":{"e":"depthUpdate","E":1633998521673,"s":"NKNUSDT","U":499869834,"u":499869840,"b":[["0.35170000","0.00000000"]],"a":[["0.35250000","0.00000000"],["0.35260000","5409.00000000"],["0.35320000","5676.00000000"],["0.35350000","3617.00000000"],["0.35470000","1793.00000000"]]}}
1633998521.669827: {"stream":"lrcbtc@depth@100ms","data":{"e":"depthUpdate","E":1633998521673,"s":"LRCBTC","U":259345546,"u":259345546,"b":[],"a":[["0.00000638","5219.00000000"]]}}
1633998521.685902: {"stream":"nknusdt@bookTicker","data":{"u":499869842,"s":"NKNUSDT","b":"0.35210000","B":"42.00000000","a":"0.35240000","A":"3959.00000000"}}
1633998521.751541: {"stream":"nknusdt@bookTicker","data":{"u":499869843,"s":"NKNUSDT","b":"0.35210000","B":"42.00000000","a":"0.35260000","A":"5409.00000000"}}
1633998521.764718: {"stream":"nknusdt@bookTicker","data":{"u":499869844,"s":"NKNUSDT","b":"0.35210000","B":"42.00000000","a":"0.35260000","A":"6039.00000000"}}
1633998521.7697852: {"stream":"nknusdt@depth@100ms","data":{"e":"depthUpdate","E":1633998521773,"s":"NKNUSDT","U":499869841,"u":499869844,"b":[],"a":[["0.35240000","0.00000000"],["0.35260000","6039.00000000"],["0.35390000","29288.00000000"]]}}
1633998521.77115: {"stream":"lrcbtc@depth@100ms","data":{"e":"depthUpdate","E":1633998521773,"s":"LRCBTC","U":259345547,"u":259345547,"b":[],"a":[["0.00000639","24500.00000000"]]}}
1633998521.869073: {"stream":"nknusdt@depth@100ms","data":{"e":"depthUpdate","E":1633998521873,"s":"NKNUSDT","U":499869845,"u":499869845,"b":[],"a":[["0.35450000","5667.00000000"]]}}
1633998521.9066749: {"stream":"nknusdt@bookTicker","data":{"u":499869848,"s":"NKNUSDT","b":"0.35210000","B":"672.00000000","a":"0.35260000","A":"6039.00000000"}}
1633998521.937103: {"stream":"nknusdt@bookTicker","data":{"u":499869850,"s":"NKNUSDT","b":"0.35210000","B":"672.00000000","a":"0.35260000","A":"3470.00000000"}}
1633998521.970876: {"stream":"nknusdt@depth@100ms","data":{"e":"depthUpdate","E":1633998521973,"s":"NKNUSDT","U":499869846,"u":499869852,"b":[["0.35210000","672.00000000"],["0.35200000","1144.00000000"],["0.35190000","3835.00000000"]],"a":[["0.35260000","3470.00000000"],["0.35270000","1068.00000000"],["0.35300000","6500.00000000"],["0.35380000","1177.00000000"]]}}
1633998522.069767: {"stream":"blzeth@depth@100ms","data":{"e":"depthUpdate","E":1633998522072,"s":"BLZETH","U":281916628,"u":281916628,"b":[],"a":[["0.00006615","0.00000000"]]}}
1633998522.0699468: {"stream":"nknusdt@depth@100ms","data":{"e":"depthUpdate","E":1633998522073,"s":"NKNUSDT","U":499869853,"u":499869861,"b":[["0.35180000","5882.00000000"],["0.35160000","16059.00000000"]],"a":[["0.35270000","6097.00000000"],["0.35290000","6718.00000000"],["0.35470000","2178.00000000"]]}}
1633998522.1703281: {"stream":"nknusdt@depth@100ms","data":{"e":"depthUpdate","E":1633998522173,"s":"NKNUSDT","U":499869862,"u":499869862,"b":[["0.35180000","6473.00000000"]],"a":[]}}
1633998522.268089: {"stream":"nknusdt@depth@100ms","data":{"e":"depthUpdate","E":1633998522273,"s":"NKNUSDT","U":499869863,"u":499869864,"b":[["0.35200000","1290.00000000"]],"a":[["0.35280000","13202.00000000"]]}}
1633998522.55365: {"stream":"nknusdt@bookTicker","data":{"u":499869866,"s":"NKNUSDT","b":"0.35210000","B":"3506.00000000","a":"0.35260000","A":"3470.00000000"}}
1633998522.569812: {"stream":"nknusdt@depth@100ms","data":{"e":"depthUpdate","E":1633998522573,"s":"NKNUSDT","U":499869865,"u":499869866,"b":[["0.35210000","3506.00000000"],["0.35180000","7064.00000000"]],"a":[]}}
1633998522.5699341: {"stream":"runeeur@depth@100ms","data":{"e":"depthUpdate","E":1633998522573,"s":"RUNEEUR","U":15602510,"u":15602511,"b":[["6.24800000","91.40000000"],["6.08400000","0.00000000"]],"a":[]}}
1633998522.7452312: {"stream":"nknusdt@bookTicker","data":{"u":499869869,"s":"NKNUSDT","b":"0.35210000","B":"672.00000000","a":"0.35260000","A":"3470.00000000"}}
1633998522.745267: {"stream":"nknusdt@bookTicker","data":{"u":499869870,"s":"NKNUSDT","b":"0.35210000","B":"3506.00000000","a":"0.35260000","A":"3470.00000000"}}
1633998522.745286: {"stream":"nknusdt@bookTicker","data":{"u":499869871,"s":"NKNUSDT","b":"0.35210000","B":"3506.00000000","a":"0.35260000","A":"630.00000000"}}
1633998522.7453: {"stream":"nknusdt@depth@100ms","data":{"e":"depthUpdate","E":1633998522673,"s":"NKNUSDT","U":499869867,"u":499869875,"b":[["0.35210000","3506.00000000"],["0.35200000","5551.00000000"],["0.35170000","2839.00000000"],["0.35090000","59.00000000"]],"a":[["0.35260000","630.00000000"],["0.35270000","3529.00000000"],["0.35320000","9923.00000000"],["0.35340000","5677.00000000"]]}}
1633998522.745364: {"stream":"nknusdt@bookTicker","data":{"u":499869878,"s":"NKNUSDT","b":"0.35210000","B":"3506.00000000","a":"0.35270000","A":"3529.00000000"}}
1633998522.7453802: {"stream":"nknusdt@bookTicker","data":{"u":499869880,"s":"NKNUSDT","b":"0.35210000","B":"3506.00000000","a":"0.35260000","A":"146.00000000"}}
1633998522.769453: {"stream":"nknusdt@depth@100ms","data":{"e":"depthUpdate","E":1633998522773,"s":"NKNUSDT","U":499869876,"u":499869884,"b":[["0.35200000","5405.00000000"],["0.35170000","0.00000000"]],"a":[["0.35260000","146.00000000"],["0.35270000","4159.00000000"],["0.35280000","13202.00000000"],["0.35310000","152.00000000"],["0.35380000","2997.00000000"]]}}
1633998522.8688798: {"stream":"nknusdt@depth@100ms","data":{"e":"depthUpdate","E":1633998522873,"s":"NKNUSDT","U":499869885,"u":499869888,"b":[["0.35180000","7654.00000000"],["0.35160000","19021.00000000"]],"a":[["0.35280000","10070.00000000"],["0.35330000","14609.00000000"]]}}
1633998522.868951: {"stream":"blzeth@depth@100ms","data":{"e":"depthUpdate","E":1633998522873,"s":"BLZETH","U":281916629,"u":281916629,"b":[["0.00006537","0.00000000"]],"a":[]}}
1633998522.9687848: {"stream":"nknusdt@depth@100ms","data":{"e":"depthUpdate","E":1633998522973,"s":"NKNUSDT","U":499869889,"u":499869890,"b":[["0.35130000","9551.00000000"]],"a":[["0.35280000","12637.00000000"]]}}
1633998523.121803: {"stream":"nknusdt@bookTicker","data":{"u":499869892,"s":"NKNUSDT","b":"0.35210000","B":"3870.00000000","a":"0.35260000","A":"146.00000000"}}
1633998523.1688802: {"stream":"nknusdt@depth@100ms","data":{"e":"depthUpdate","E":1633998523173,"s":"NKNUSDT","U":499869891,"u":499869894,"b":[["0.35210000","3870.00000000"],["0.35180000","8244.00000000"]],"a":[["0.35270000","1698.00000000"],["0.35310000","3479.00000000"]]}}
1633998523.221872: {"stream":"nknusdt@bookTicker","data":{"u":499869899,"s":"NKNUSDT","b":"0.35210000","B":"4234.00000000","a":"0.35260000","A":"146.00000000"}}
1633998523.231266: {"stream":"nknusdt@bookTicker","data":{"u":499869900,"s":"NKNUSDT","b":"0.35210000","B":"4234.00000000","a":"0.35270000","A":"630.00000000"}}
1633998523.269216: {"stream":"nknusdt@depth@100ms","data":{"e":"depthUpdate","E":1633998523273,"s":"NKNUSDT","U":499869895,"u":499869901,"b":[["0.35210000","4234.00000000"],["0.35110000","11596.00000000"]],"a":[["0.35260000","0.00000000"],["0.35270000","630.00000000"],["0.35280000","3542.00000000"],["0.35300000","0.00000000"]]}}
1633998523.27153: {"stream":"nknusdt@bookTicker","data":{"u":499869902,"s":"NKNUSDT","b":"0.35210000","B":"4598.00000000","a":"0.35270000","A":"630.00000000"}}
1633998523.3243039: {"stream":"nknusdt@bookTicker","data":{"u":499869906,"s":"NKNUSDT","b":"0.35210000","B":"4962.00000000","a":"0.35270000","A":"630.00000000"}}
1633998523.3681211: {"stream":"nknusdt@depth@100ms","data":{"e":"depthUpdate","E":1633998523373,"s":"NKNUSDT","U":499869902,"u":499869906,"b":[["0.35210000","4962.00000000"],["0.35110000","5922.00000000"]],"a":[["0.35280000","703.00000000"],["0.35290000","9285.00000000"]]}}
1633998523.375773: {"stream":"nknusdt@bookTicker","data":{"u":499869907,"s":"NKNUSDT","b":"0.35210000","B":"5325.00000000","a":"0.35270000","A":"630.00000000"}}
1633998523.381654: {"stream":"nknusdt@bookTicker","data":{"u":499869909,"s":"NKNUSDT","b":"0.35210000","B":"7670.00000000","a":"0.35270000","A":"630.00000000"}}
1633998523.406581: {"stream":"nknusdt@bookTicker","data":{"u":499869914,"s":"NKNUSDT","b":"0.35210000","B":"7670.00000000","a":"0.35280000","A":"1333.00000000"}}
1633998523.417127: {"stream":"nknusdt@bookTicker","data":{"u":499869916,"s":"NKNUSDT","b":"0.35210000","B":"7670.00000000","a":"0.35280000","A":"630.00000000"}}
1633998523.427212: {"stream":"nknusdt@bookTicker","data":{"u":499869918,"s":"NKNUSDT","b":"0.35210000","B":"8034.00000000","a":"0.35280000","A":"630.00000000"}}
1633998523.469195: {"stream":"nknusdt@depth@100ms","data":{"e":"depthUpdate","E":1633998523473,"s":"NKNUSDT","U":499869907,"u":499869918,"b":[["0.35210000","8034.00000000"],["0.35190000","1490.00000000"],["0.35130000","17767.00000000"],["0.35080000","30.00000000"]],"a":[["0.35270000","0.00000000"],["0.35280000","630.00000000"],["0.35300000","703.00000000"],["0.35320000","5676.00000000"],["0.35330000","12999.00000000"]]}}
1633998523.569412: {"stream":"blzeth@depth@100ms","data":{"e":"depthUpdate","E":1633998523573,"s":"BLZETH","U":281916630,"u":281916630,"b":[["0.00006542","5562.00000000"]],"a":[]}}
1633998523.56948: {"stream":"nknusdt@depth@100ms","data":{"e":"depthUpdate","E":1633998523573,"s":"NKNUSDT","U":499869919,"u":499869922,"b":[["0.35180000","10522.00000000"],["0.35160000","16743.00000000"]],"a":[["0.35470000","1793.00000000"],["0.35490000","2159.00000000"]]}}
1633998523.667704: {"stream":"nknusdt@depth@100ms","data":{"e":"depthUpdate","E":1633998523673,"s":"NKNUSDT","U":499869923,"u":499869925,"b":[],"a":[["0.35300000","3835.00000000"],["0.35320000","9923.00000000"],["0.35370000","1608.00000000"]]}}
1633998523.710094: {"stream":"nknusdt@bookTicker","data":{"u":499869927,"s":"NKNUSDT","b":"0.35210000","B":"8397.00000000","a":"0.35280000","A":"630.00000000"}}
1633998523.723994: {"stream":"nknusdt@bookTicker","data":{"u":499869928,"s":"NKNUSDT","b":"0.35210000","B":"8761.00000000","a":"0.35280000","A":"630.00000000"}}
1633998523.76966: {"stream":"nknusdt@depth@100ms","data":{"e":"depthUpdate","E":1633998523773,"s":"NKNUSDT","U":499869926,"u":499869930,"b":[["0.35210000","8761.00000000"],["0.35180000","11225.00000000"],["0.35160000","16040.00000000"]],"a":[["0.35320000","16422.00000000"]]}}
1633998523.805401: {"stream":"nknusdt@bookTicker","data":{"u":499869931,"s":"NKNUSDT","b":"0.35210000","B":"9124.00000000","a":"0.35280000","A":"630.00000000"}}
1633998523.832323: {"stream":"nknusdt@bookTicker","data":{"u":499869932,"s":"NKNUSDT","b":"0.35220000","B":"146.00000000","a":"0.35280000","A":"630.00000000"}}
1633998523.8397398: {"stream":"nknusdt@bookTicker","data":{"u":499869933,"s":"NKNUSDT","b":"0.35230000","B":"630.00000000","a":"0.35280000","A":"630.00000000"}}
1633998523.868465: {"stream":"nknusdt@depth@100ms","data":{"e":"depthUpdate","E":1633998523873,"s":"NKNUSDT","U":499869931,"u":499869938,"b":[["0.35230000","630.00000000"],["0.35220000","2356.00000000"],["0.35210000","8858.00000000"]],"a":[["0.35320000","12175.00000000"],["0.35360000","8700.00000000"]]}}
1633998523.957215: {"stream":"nknusdt@aggTrade","data":{"e":"aggTrade","E":1633998523963,"s":"NKNUSDT","a":15683430,"p":"0.35280000","q":"58.00000000","f":19862790,"l":19862790,"T":1633998523963,"m":false,"M":true}}
1633998523.9572978: {"stream":"nknusdt@kline_1m","data":{"e":"kline","E":1633998523963,"s":"NKNUSDT","k":{"t":1633998480000,"T":1633998539999,"s":"NKNUSDT","i":"1m","f":19862761,"L":19862790,"o":"0.35270000","c":"0.35280000","h":"0.35280000","l":"0.35220000","v":"25877.00000000","n":30,"x":false,"q":"9116.04600000","V":"58.00000000","Q":"20.46240000","B":"0"}}}
1633998523.9582589: {"stream":"nknusdt@bookTicker","data":{"u":499869941,"s":"NKNUSDT","b":"0.35230000","B":"630.00000000","a":"0.35280000","A":"572.00000000"}}
1633998523.9688718: {"stream":"nknusdt@depth@100ms","data":{"e":"depthUpdate","E":1633998523973,"s":"NKNUSDT","U":499869939,"u":499869944,"b":[["0.34940000","5466.00000000"],["0.34890000","34112.00000000"]],"a":[["0.35280000","572.00000000"],["0.35290000","1051.00000000"],["0.35300000","703.00000000"]]}}
1633998524.0686772: {"stream":"blzeth@depth@100ms","data":{"e":"depthUpdate","E":1633998524073,"s":"BLZETH","U":281916631,"u":281916632,"b":[],"a":[["0.00006556","0.00000000"],["0.00006615","1528.00000000"]]}}
1633998524.06989: {"stream":"nknusdt@depth@100ms","data":{"e":"depthUpdate","E":1633998524073,"s":"NKNUSDT","U":499869945,"u":499869949,"b":[["0.34940000","4998.00000000"],["0.34890000","33550.00000000"],["0.34810000","9435.00000000"]],"a":[["0.35290000","0.00000000"],["0.35300000","3271.00000000"]]}}
1633998524.079325: {"stream":"nknusdt@bookTicker","data":{"u":499869950,"s":"NKNUSDT","b":"0.35230000","B":"630.00000000","a":"0.35300000","A":"3271.00000000"}}
1633998524.0849228: {"stream":"nknusdt@bookTicker","data":{"u":499869951,"s":"NKNUSDT","b":"0.35230000","B":"630.00000000","a":"0.35290000","A":"630.00000000"}}
1633998524.08497: {"stream":"nknusdt@bookTicker","data":{"u":499869952,"s":"NKNUSDT","b":"0.35230000","B":"630.00000000","a":"0.35290000","A":"1781.00000000"}}
1633998524.168858: {"stream":"nknusdt@depth@100ms","data":{"e":"depthUpdate","E":1633998524173,"s":"NKNUSDT","U":499869950,"u":499869954,"b":[],"a":[["0.35280000","0.00000000"],["0.35290000","1781.00000000"],["0.35300000","2568.00000000"],["0.35320000","12878.00000000"]]}}
1633998524.268641: {"stream":"nknusdt@depth@100ms","data":{"e":"depthUpdate","E":1633998524273,"s":"NKNUSDT","U":499869955,"u":499869958,"b":[["0.35190000","4327.00000000"],["0.35170000","5674.00000000"]],"a":[["0.35300000","5405.00000000"],["0.35310000","6611.00000000"]]}}
1633998524.3346229: {"stream":"nknusdt@bookTicker","data":{"u":499869959,"s":"NKNUSDT","b":"0.35230000","B":"630.00000000","a":"0.35290000","A":"1927.00000000"}}
1633998524.369261: {"stream":"nknusdt@depth@100ms","data":{"e":"depthUpdate","E":1633998524373,"s":"NKNUSDT","U":499869959,"u":499869959,"b":[],"a":[["0.35290000","1927.00000000"]]}}
1633998524.571744: {"stream":"blzeth@depth@100ms","data":{"e":"depthUpdate","E":1633998524574,"s":"BLZETH","U":281916633,"u":281916634,"b":[],"a":[["0.00006561","4015.00000000"],["0.00006615","0.00000000"]]}}
1633998524.5879948: {"stream":"nknusdt@bookTicker","data":{"u":499869961,"s":"NKNUSDT","b":"0.35240000","B":"2358.00000000","a":"0.35290000","A":"1927.00000000"}}
1633998524.669021: {"stream":"blzeth@depth@100ms","data":{"e":"depthUpdate","E":1633998524673,"s":"BLZETH","U":281916635,"u":281916635,"b":[],"a":[["0.00006560","1528.00000000"]]}}
1633998524.669088: {"stream":"nknusdt@depth@100ms","data":{"e":"depthUpdate","E":1633998524674,"s":"NKNUSDT","U":499869960,"u":499869962,"b":[["0.35240000","2358.00000000"],["0.35200000","1144.00000000"]],"a":[["0.35380000","1177.00000000"]]}}
1633998524.7699149: {"stream":"nknusdt@depth@100ms","data":{"e":"depthUpdate","E":1633998524774,"s":"NKNUSDT","U":499869963,"u":499869967,"b":[["0.35230000","4888.00000000"],["0.35220000","2210.00000000"],["0.35180000","11292.00000000"]],"a":[["0.35300000","2568.00000000"],["0.35350000","7860.00000000"]]}}
1633998524.8699389: {"stream":"nknusdt@depth@100ms","data":{"e":"depthUpdate","E":1633998524874,"s":"NKNUSDT","U":499869968,"u":499869972,"b":[["0.35090000","20059.00000000"],["0.35030000","3579.00000000"],["0.35000000","4072.00000000"],["0.34890000","5181.00000000"]],"a":[["0.35320000","7202.00000000"]]}}
1633998524.9702232: {"stream":"nknusdt@depth@100ms","data":{"e":"depthUpdate","E":1633998524974,"s":"NKNUSDT","U":499869973,"u":499869976,"b":[["0.35030000","17782.00000000"],["0.34920000","47597.00000000"]],"a":[["0.35390000","9288.00000000"],["0.35450000","25667.00000000"]]}}
1633998525.169695: {"stream":"nknusdt@depth@100ms","data":{"e":"depthUpdate","E":1633998525174,"s":"NKNUSDT","U":499869977,"u":499869977,"b":[["0.34700000","2336.00000000"]],"a":[]}}
1633998525.25393: {"stream":"blzeth@bookTicker","data":{"u":281916636,"s":"BLZETH","b":"0.00006547","B":"100.00000000","a":"0.00006560","A":"1528.00000000"}}
1633998525.270577: {"stream":"nknusdt@depth@100ms","data":{"e":"depthUpdate","E":1633998525274,"s":"NKNUSDT","U":499869978,"u":499869979,"b":[["0.34830000","50528.00000000"]],"a":[["0.35310000","3479.00000000"]]}}
1633998525.270717: {"stream":"blzeth@depth@100ms","data":{"e":"depthUpdate","E":1633998525274,"s":"BLZETH","U":281916636,"u":281916636,"b":[],"a":[["0.00006555","0.00000000"]]}}
1633998525.7698: {"stream":"nknusdt@depth@100ms","data":{"e":"depthUpdate","E":1633998525774,"s":"NKNUSDT","U":499869980,"u":499869980,"b":[["0.35210000","6024.00000000"]],"a":[]}}
1633998525.775512: {"stream":"nknusdt@bookTicker","data":{"u":499869981,"s":"NKNUSDT","b":"0.35240000","B":"5189.00000000","a":"0.35290000","A":"1927.00000000"}}
1633998525.7781498: {"stream":"nknusdt@bookTicker","data":{"u":499869982,"s":"NKNUSDT","b":"0.35240000","B":"5335.00000000","a":"0.35290000","A":"1927.00000000"}}
1633998525.870114: {"stream":"nknusdt@depth@100ms","data":{"e":"depthUpdate","E":1633998525874,"s":"NKNUSDT","U":499869981,"u":499869982,"b":[["0.35240000","5335.00000000"]],"a":[]}}
1633998525.8944361: {"stream":"nknusdt@bookTicker","data":{"u":499869983,"s":"NKNUSDT","b":"0.35240000","B":"2504.00000000","a":"0.35290000","A":"1927.00000000"}}
1633998525.969543: {"stream":"nknusdt@depth@100ms","data":{"e":"depthUpdate","E":1633998525974,"s":"NKNUSDT","U":499869983,"u":499869985,"b":[["0.35240000","2504.00000000"],["0.35230000","630.00000000"],["0.35210000","10284.00000000"]],"a":[]}}
1633998525.9803379: {"stream":"nknusdt@bookTicker","data":{"u":499869986,"s":"NKNUSDT","b":"0.35240000","B":"2358.00000000","a":"0.35290000","A":"1927.00000000"}}
1633998526.040183: {"stream":"lrcbtc@bookTicker","data":{"u":259345548,"s":"LRCBTC","b":"0.00000637","B":"6500.00000000","a":"0.00000638","A":"27122.00000000"}}
1633998526.04162: {"stream":"lrcbtc@bookTicker","data":{"u":259345549,"s":"LRCBTC","b":"0.00000637","B":"6500.00000000","a":"0.00000638","A":"5219.00000000"}}
1633998526.070616: {"stream":"lrcbtc@depth@100ms","data":{"e":"depthUpdate","E":1633998526074,"s":"LRCBTC","U":259345548,"u":259345549,"b":[],"a":[["0.00000638","5219.00000000"]]}}
1633998526.0707421: {"stream":"nknusdt@depth@100ms","data":{"e":"depthUpdate","E":1633998526074,"s":"NKNUSDT","U":499869986,"u":499869986,"b":[["0.35240000","2358.00000000"]],"a":[]}}
1633998526.169674: {"stream":"nknusdt@depth@100ms","data":{"e":"depthUpdate","E":1633998526174,"s":"NKNUSDT","U":499869987,"u":499869988,"b":[],"a":[["0.35330000","12503.00000000"],["0.35350000","8356.00000000"]]}}
1633998526.270593: {"stream":"nknusdt@depth@100ms","data":{"e":"depthUpdate","E":1633998526274,"s":"NKNUSDT","U":499869989,"u":499869992,"b":[],"a":[["0.35330000","15339.00000000"],["0.35390000","14959.00000000"],["0.35420000","4458.00000000"],["0.35450000","21209.00000000"]]}}
1633998526.37081: {"stream":"nknusdt@depth@100ms","data":{"e":"depthUpdate","E":1633998526374,"s":"NKNUSDT","U":499869993,"u":499869994,"b":[["0.34670000","1776.00000000"]],"a":[["0.35400000","0.00000000"]]}}
1633998526.469942: {"stream":"nknusdt@depth@100ms","data":{"e":"depthUpdate","E":1633998526474,"s":"NKNUSDT","U":499869995,"u":499869996,"b":[],"a":[["0.35310000","6611.00000000"],["0.35380000","3455.00000000"]]}}
1633998526.6690571: {"stream":"nknusdt@depth@100ms","data":{"e":"depthUpdate","E":1633998526674,"s":"NKNUSDT","U":499869997,"u":499869998,"b":[["0.34830000","53890.00000000"]],"a":[["0.35350000","4113.00000000"]]}}
1633998527.0690932: {"stream":"nknusdt@depth@100ms","data":{"e":"depthUpdate","E":1633998527074,"s":"NKNUSDT","U":499869999,"u":499870000,"b":[["0.35220000","2356.00000000"]],"a":[["0.35330000","19585.00000000"]]}}
1633998527.179491: {"stream":"nknusdt@bookTicker","data":{"u":499870001,"s":"NKNUSDT","b":"0.35240000","B":"4716.00000000","a":"0.35290000","A":"1927.00000000"}}
1633998527.1826181: {"stream":"nknusdt@bookTicker","data":{"u":499870002,"s":"NKNUSDT","b":"0.35240000","B":"2358.00000000","a":"0.35290000","A":"1927.00000000"}}
1633998527.270155: {"stream":"nknusdt@depth@100ms","data":{"e":"depthUpdate","E":1633998527275,"s":"NKNUSDT","U":499870001,"u":499870002,"b":[["0.35240000","2358.00000000"]],"a":[]}}
1633998527.470484: {"stream":"nknusdt@depth@100ms","data":{"e":"depthUpdate","E":1633998527475,"s":"NKNUSDT","U":499870003,"u":499870003,"b":[],"a":[["0.35330000","15339.00000000"]]}}
1633998527.769396: {"stream":"nknusdt@depth@100ms","data":{"e":"depthUpdate","E":1633998527775,"s":"NKNUSDT","U":499870004,"u":499870005,"b":[["0.35200000","1847.00000000"],["0.35180000","10589.00000000"]],"a":[]}}
1633998528.070953: {"stream":"nknusdt@depth@100ms","data":{"e":"depthUpdate","E":1633998528075,"s":"NKNUSDT","U":499870006,"u":499870006,"b":[],"a":[["0.35350000","8356.00000000"]]}}
1633998528.271913: {"stream":"nknusdt@depth@100ms","data":{"e":"depthUpdate","E":1633998528275,"s":"NKNUSDT","U":499870007,"u":499870007,"b":[],"a":[["0.35320000","13723.00000000"]]}}
1633998529.371789: {"stream":"nknusdt@depth@100ms","data":{"e":"depthUpdate","E":1633998529376,"s":"NKNUSDT","U":499870008,"u":499870008,"b":[["0.34610000","57.00000000"]],"a":[]}}
1633998529.570815: {"stream":"nknusdt@depth@100ms","data":{"e":"depthUpdate","E":1633998529576,"s":"NKNUSDT","U":499870009,"u":499870009,"b":[["0.35210000","10873.00000000"]],"a":[]}}
1633998529.670818: {"stream":"nknusdt@depth@100ms","data":{"e":"depthUpdate","E":1633998529676,"s":"NKNUSDT","U":499870010,"u":499870010,"b":[["0.34470000","2361.00000000"]],"a":[]}}
1633998529.97084: {"stream":"nknusdt@depth@100ms","data":{"e":"depthUpdate","E":1633998529976,"s":"NKNUSDT","U":499870011,"u":499870011,"b":[["0.34520000","22657.00000000"]],"a":[]}}
1633998530.105419: {"stream":"nknusdt@bookTicker","data":{"u":499870012,"s":"NKNUSDT","b":"0.35230000","B":"630.00000000","a":"0.35290000","A":"1927.00000000"}}
1633998530.106617: {"stream":"nknusdt@bookTicker","data":{"u":499870013,"s":"NKNUSDT","b":"0.35240000","B":"2358.00000000","a":"0.35290000","A":"1927.00000000"}}
1633998530.172451: {"stream":"nknusdt@depth@100ms","data":{"e":"depthUpdate","E":1633998530176,"s":"NKNUSDT","U":499870012,"u":499870015,"b":[["0.35240000","2358.00000000"],["0.35230000","3461.00000000"]],"a":[["0.35390000","16539.00000000"]]}}
1633998530.2062678: {"stream":"lrcbtc@bookTicker","data":{"u":259345550,"s":"LRCBTC","b":"0.00000637","B":"6500.00000000","a":"0.00000638","A":"2462.00000000"}}
1633998530.271988: {"stream":"lrcbtc@depth@100ms","data":{"e":"depthUpdate","E":1633998530276,"s":"LRCBTC","U":259345550,"u":259345551,"b":[],"a":[["0.00000638","2462.00000000"],["0.00000641","71538.00000000"]]}}
1633998530.2733052: {"stream":"nknusdt@depth@100ms","data":{"e":"depthUpdate","E":1633998530276,"s":"NKNUSDT","U":499870016,"u":499870017,"b":[["0.35220000","2210.00000000"],["0.35060000","8087.00000000"]],"a":[]}}
1633998530.37232: {"stream":"lrcbtc@depth@100ms","data":{"e":"depthUpdate","E":1633998530376,"s":"LRCBTC","U":259345552,"u":259345552,"b":[],"a":[["0.00000639","46369.00000000"]]}}
1633998530.77192: {"stream":"nknusdt@depth@100ms","data":{"e":"depthUpdate","E":1633998530776,"s":"NKNUSDT","U":499870018,"u":499870019,"b":[["0.35230000","630.00000000"],["0.35210000","11462.00000000"]],"a":[]}}
1633998531.071465: {"stream":"nknusdt@depth@100ms","data":{"e":"depthUpdate","E":1633998531076,"s":"NKNUSDT","U":499870020,"u":499870021,"b":[["0.35230000","4888.00000000"],["0.35210000","7202.00000000"]],"a":[]}}
1633998531.116727: {"stream":"nknusdt@bookTicker","data":{"u":499870022,"s":"NKNUSDT","b":"0.35250000","B":"630.00000000","a":"0.35290000","A":"1927.00000000"}}
1633998531.134395: {"stream":"nknusdt@bookTicker","data":{"u":499870026,"s":"NKNUSDT","b":"0.35250000","B":"2480.00000000","a":"0.35290000","A":"1927.00000000"}}
1633998531.148025: {"stream":"nknusdt@bookTicker","data":{"u":499870028,"s":"NKNUSDT","b":"0.35250000","B":"2480.00000000","a":"0.35290000","A":"776.00000000"}}
1633998531.171906: {"stream":"nknusdt@depth@100ms","data":{"e":"depthUpdate","E":1633998531176,"s":"NKNUSDT","U":499870022,"u":499870029,"b":[["0.35250000","2480.00000000"],["0.35230000","4258.00000000"]],"a":[["0.35290000","776.00000000"],["0.35300000","0.00000000"],["0.35330000","8221.00000000"],["0.35360000","2175.00000000"]]}}
1633998531.187537: {"stream":"nknusdt@bookTicker","data":{"u":499870031,"s":"NKNUSDT","b":"0.35250000","B":"2480.00000000","a":"0.35290000","A":"630.00000000"}}
1633998531.196913: {"stream":"nknusdt@bookTicker","data":{"u":499870032,"s":"NKNUSDT","b":"0.35250000","B":"2480.00000000","a":"0.35310000","A":"6611.00000000"}}
1633998531.219136: {"stream":"nknusdt@bookTicker","data":{"u":499870033,"s":"NKNUSDT","b":"0.35250000","B":"2480.00000000","a":"0.35310000","A":"3284.00000000"}}
1633998531.272313: {"stream":"nknusdt@depth@100ms","data":{"e":"depthUpdate","E":1633998531277,"s":"NKNUSDT","U":499870030,"u":499870033,"b":[],"a":[["0.35290000","0.00000000"],["0.35310000","3284.00000000"],["0.35320000","16290.00000000"]]}}
1633998531.273055: {"stream":"blzeth@depth@100ms","data":{"e":"depthUpdate","E":1633998531277,"s":"BLZETH","U":281916637,"u":281916637,"b":[["0.00006540","1260.00000000"]],"a":[]}}
1633998531.281802: {"stream":"nknusdt@bookTicker","data":{"u":499870035,"s":"NKNUSDT","b":"0.35250000","B":"7208.00000000","a":"0.35310000","A":"3284.00000000"}}
1633998531.334553: {"stream":"nknusdt@bookTicker","data":{"u":499870045,"s":"NKNUSDT","b":"0.35250000","B":"7208.00000000","a":"0.35310000","A":"152.00000000"}}
1633998531.3810189: {"stream":"nknusdt@depth@100ms","data":{"e":"depthUpdate","E":1633998531377,"s":"NKNUSDT","U":499870034,"u":499870047,"b":[["0.35250000","7208.00000000"],["0.35240000","2503.00000000"],["0.35230000","6603.00000000"],["0.35210000","4857.00000000"],["0.35100000","0.00000000"]],"a":[["0.35310000","152.00000000"],["0.35320000","7224.00000000"],["0.35330000","3132.00000000"],["0.35340000","0.00000000"],["0.35350000","4113.00000000"],["0.35360000","5010.00000000"]]}}
1633998531.4728901: {"stream":"nknusdt@depth@100ms","data":{"e":"depthUpdate","E":1633998531477,"s":"NKNUSDT","U":499870048,"u":499870054,"b":[["0.35240000","2358.00000000"],["0.35140000","26309.00000000"]],"a":[["0.35320000","9792.00000000"],["0.35380000","5796.00000000"],["0.35400000","4528.00000000"],["0.35490000","1774.00000000"],["0.35520000","2139.00000000"]]}}
1633998531.573205: {"stream":"nknusdt@depth@100ms","data":{"e":"depthUpdate","E":1633998531577,"s":"NKNUSDT","U":499870055,"u":499870057,"b":[],"a":[["0.35350000","2627.00000000"]]}}
1633998531.6725838: {"stream":"nknusdt@depth@100ms","data":{"e":"depthUpdate","E":1633998531677,"s":"NKNUSDT","U":499870058,"u":499870060,"b":[],"a":[["0.35380000","7281.00000000"]]}}
1633998531.772591: {"stream":"nknusdt@depth@100ms","data":{"e":"depthUpdate","E":1633998531777,"s":"NKNUSDT","U":499870061,"u":499870063,"b":[["0.35220000","2913.00000000"],["0.35200000","1144.00000000"]],"a":[["0.35370000","1674.00000000"]]}}
1633998531.891702: {"stream":"nknusdt@bookTicker","data":{"u":499870064,"s":"NKNUSDT","b":"0.35250000","B":"10038.00000000","a":"0.35310000","A":"152.00000000"}}
1633998531.932149: {"stream":"nknusdt@bookTicker","data":{"u":499870065,"s":"NKNUSDT","b":"0.35250000","B":"7208.00000000","a":"0.35310000","A":"152.00000000"}}
1633998531.9729018: {"stream":"nknusdt@depth@100ms","data":{"e":"depthUpdate","E":1633998531977,"s":"NKNUSDT","U":499870064,"u":499870065,"b":[["0.35250000","7208.00000000"]],"a":[]}}
1633998532.0073721: {"stream":"nknusdt@bookTicker","data":{"u":499870066,"s":"NKNUSDT","b":"0.35250000","B":"7208.00000000","a":"0.35310000","A":"782.00000000"}}
1633998532.0743601: {"stream":"nknusdt@depth@100ms","data":{"e":"depthUpdate","E":1633998532077,"s":"NKNUSDT","U":499870066,"u":499870066,"b":[],"a":[["0.35310000","782.00000000"]]}}
1633998532.0744221: {"stream":"blzeth@depth@100ms","data":{"e":"depthUpdate","E":1633998532077,"s":"BLZETH","U":281916638,"u":281916638,"b":[["0.00006540","170.00000000"]],"a":[]}}
1633998532.1569111: {"stream":"nknusdt@bookTicker","data":{"u":499870068,"s":"NKNUSDT","b":"0.35250000","B":"7208.00000000","a":"0.35310000","A":"3914.00000000"}}
1633998532.172787: {"stream":"nknusdt@depth@100ms","data":{"e":"depthUpdate","E":1633998532177,"s":"NKNUSDT","U":499870067,"u":499870068,"b":[],"a":[["0.35310000","3914.00000000"],["0.35330000","0.00000000"]]}}
1633998532.1729121: {"stream":"lrcbtc@depth@100ms","data":{"e":"depthUpdate","E":1633998532177,"s":"LRCBTC","U":259345553,"u":259345553,"b":[],"a":[["0.00000639","46969.00000000"]]}}
1633998532.272222: {"stream":"nknusdt@depth@100ms","data":{"e":"depthUpdate","E":1633998532277,"s":"NKNUSDT","U":499870069,"u":499870069,"b":[],"a":[["0.35350000","6870.00000000"]]}}
1633998532.29987: {"stream":"nknusdt@bookTicker","data":{"u":499870071,"s":"NKNUSDT","b":"0.35250000","B":"7208.00000000","a":"0.35300000","A":"145.00000000"}}
1633998532.3729951: {"stream":"nknusdt@depth@100ms","data":{"e":"depthUpdate","E":1633998532377,"s":"NKNUSDT","U":499870070,"u":499870074,"b":[],"a":[["0.35300000","145.00000000"],["0.35320000","9089.00000000"],["0.35340000","3116.00000000"],["0.35360000","7250.00000000"]]}}
1633998532.467407: {"stream":"nknusdt@bookTicker","data":{"u":499870075,"s":"NKNUSDT","b":"0.35260000","B":"2357.00000000","a":"0.35300000","A":"145.00000000"}}
1633998532.4735732: {"stream":"nknusdt@depth@100ms","data":{"e":"depthUpdate","E":1633998532477,"s":"NKNUSDT","U":499870075,"u":499870076,"b":[["0.35260000","2357.00000000"],["0.35240000","0.00000000"]],"a":[]}}
1633998532.7733812: {"stream":"nknusdt@depth@100ms","data":{"e":"depthUpdate","E":1633998532777,"s":"NKNUSDT","U":499870077,"u":499870077,"b":[["0.34830000","50528.00000000"]],"a":[]}}
1633998533.073668: {"stream":"nknusdt@depth@100ms","data":{"e":"depthUpdate","E":1633998533078,"s":"NKNUSDT","U":499870078,"u":499870078,"b":[["0.34840000","7396.00000000"]],"a":[]}}
1633998533.273719: {"stream":"nknusdt@depth@100ms","data":{"e":"depthUpdate","E":1633998533278,"s":"NKNUSDT","U":499870079,"u":499870079,"b":[],"a":[["0.35430000","5668.00000000"]]}}
1633998533.673985: {"stream":"nknusdt@depth@100ms","data":{"e":"depthUpdate","E":1633998533678,"s":"NKNUSDT","U":499870080,"u":499870080,"b":[],"a":[["0.35360000","5010.00000000"]]}}
1633998534.319732: {"stream":"nknusdt@depth@100ms","data":{"e":"depthUpdate","E":1633998534278,"s":"NKNUSDT","U":499870081,"u":499870081,"b":[["0.34900000","8421.00000000"]],"a":[]}}
1633998534.473386: {"stream":"nknusdt@depth@100ms","data":{"e":"depthUpdate","E":1633998534478,"s":"NKNUSDT","U":499870082,"u":499870083,"b":[["0.34730000","11508.00000000"],["0.34690000","2594.00000000"]],"a":[]}}
1633998534.48106: {"stream":"lrcbtc@kline_1m","data":{"e":"kline","E":1633998534486,"s":"LRCBTC","k":{"t":1633998480000,"T":1633998539999,"s":"LRCBTC","i":"1m","f":12368013,"L":12368013,"o":"0.00000638","c":"0.00000638","h":"0.00000638","l":"0.00000638","v":"177.00000000","n":1,"x":false,"q":"0.00112926","V":"177.00000000","Q":"0.00112926","B":"0"}}}
1633998534.4811609: {"stream":"lrcbtc@bookTicker","data":{"u":259345554,"s":"LRCBTC","b":"0.00000637","B":"6500.00000000","a":"0.00000638","A":"2285.00000000"}}
1633998534.481201: {"stream":"lrcbtc@aggTrade","data":{"e":"aggTrade","E":1633998534486,"s":"LRCBTC","a":9213679,"p":"0.00000638","q":"177.00000000","f":12368013,"l":12368013,"T":1633998534486,"m":false,"M":true}}
1633998534.573812: {"stream":"lrcbtc@depth@100ms","data":{"e":"depthUpdate","E":1633998534578,"s":"LRCBTC","U":259345554,"u":259345554,"b":[],"a":[["0.00000638","2285.00000000"]]}}
1633998534.9793012: {"stream":"nknusdt@bookTicker","data":{"u":499870084,"s":"NKNUSDT","b":"0.35260000","B":"4714.00000000","a":"0.35300000","A":"145.00000000"}}
1633998534.981718: {"stream":"nknusdt@bookTicker","data":{"u":499870085,"s":"NKNUSDT","b":"0.35260000","B":"2357.00000000","a":"0.35300000","A":"145.00000000"}}
1633998535.074247: {"stream":"nknusdt@depth@100ms","data":{"e":"depthUpdate","E":1633998535079,"s":"NKNUSDT","U":499870084,"u":499870085,"b":[["0.35260000","2357.00000000"]],"a":[]}}
1633998535.373945: {"stream":"nknusdt@depth@100ms","data":{"e":"depthUpdate","E":1633998535379,"s":"NKNUSDT","U":499870086,"u":499870086,"b":[["0.35150000","54.00000000"]],"a":[]}}
1633998535.573278: {"stream":"nknusdt@depth@100ms","data":{"e":"depthUpdate","E":1633998535579,"s":"NKNUSDT","U":499870087,"u":499870088,"b":[],"a":[["0.35380000","8155.00000000"],["0.35460000","7701.00000000"]]}}
1633998535.6753511: {"stream":"nknusdt@depth@100ms","data":{"e":"depthUpdate","E":1633998535679,"s":"NKNUSDT","U":499870089,"u":499870090,"b":[["0.35110000","0.00000000"],["0.34690000","8508.00000000"]],"a":[]}}
1633998535.7747562: {"stream":"nknusdt@depth@100ms","data":{"e":"depthUpdate","E":1633998535779,"s":"NKNUSDT","U":499870091,"u":499870091,"b":[["0.34690000","2594.00000000"]],"a":[]}}
1633998535.968354: {"stream":"lrcbtc@bookTicker","data":{"u":259345555,"s":"LRCBTC","b":"0.00000637","B":"2500.00000000","a":"0.00000638","A":"2285.00000000"}}
1633998535.974846: {"stream":"lrcbtc@depth@100ms","data":{"e":"depthUpdate","E":1633998535979,"s":"LRCBTC","U":259345555,"u":259345555,"b":[["0.00000637","2500.00000000"]],"a":[]}}
1633998535.974963: {"stream":"nknusdt@depth@100ms","data":{"e":"depthUpdate","E":1633998535979,"s":"NKNUSDT","U":499870092,"u":499870093,"b":[["0.34850000","4933.00000000"]],"a":[["0.35390000","23058.00000000"]]}}
1633998536.1037598: {"stream":"nknusdt@bookTicker","data":{"u":499870094,"s":"NKNUSDT","b":"0.35260000","B":"5186.00000000","a":"0.35300000","A":"145.00000000"}}
1633998536.1155572: {"stream":"nknusdt@bookTicker","data":{"u":499870096,"s":"NKNUSDT","b":"0.35270000","B":"4253.00000000","a":"0.35300000","A":"145.00000000"}}
1633998536.1749141: {"stream":"nknusdt@depth@100ms","data":{"e":"depthUpdate","E":1633998536179,"s":"NKNUSDT","U":499870094,"u":499870101,"b":[["0.35270000","4253.00000000"],["0.35260000","5186.00000000"],["0.35230000","2345.00000000"]],"a":[["0.35310000","782.00000000"],["0.35320000","0.00000000"],["0.35390000","14842.00000000"],["0.35450000","29425.00000000"]]}}
1633998536.1845188: {"stream":"nknusdt@bookTicker","data":{"u":499870105,"s":"NKNUSDT","b":"0.35270000","B":"4253.00000000","a":"0.35310000","A":"782.00000000"}}
1633998536.198726: {"stream":"nknusdt@bookTicker","data":{"u":499870111,"s":"NKNUSDT","b":"0.35270000","B":"4883.00000000","a":"0.35310000","A":"782.00000000"}}
1633998536.2177129: {"stream":"nknusdt@bookTicker","data":{"u":499870114,"s":"NKNUSDT","b":"0.35270000","B":"4883.00000000","a":"0.35310000","A":"152.00000000"}}
1633998536.275807: {"stream":"nknusdt@depth@100ms","data":{"e":"depthUpdate","E":1633998536279,"s":"NKNUSDT","U":499870102,"u":499870117,"b":[["0.35270000","4883.00000000"],["0.35250000","4195.00000000"],["0.35230000","0.00000000"],["0.35220000","5746.00000000"],["0.35190000","1490.00000000"],["0.35170000","13890.00000000"],["0.35130000","7932.00000000"],["0.35030000","3579.00000000"],["0.34920000","19253.00000000"]],"a":[["0.35300000","0.00000000"],["0.35310000","152.00000000"],["0.35340000","5683.00000000"],["0.35350000","2627.00000000"]]}}
1633998536.3756192: {"stream":"nknusdt@depth@100ms","data":{"e":"depthUpdate","E":1633998536379,"s":"NKNUSDT","U":499870118,"u":499870119,"b":[["0.35060000","22228.00000000"],["0.34950000","60444.00000000"]],"a":[]}}
1633998536.4740531: {"stream":"nknusdt@depth@100ms","data":{"e":"depthUpdate","E":1633998536479,"s":"NKNUSDT","U":499870120,"u":499870123,"b":[],"a":[["0.35380000","5877.00000000"],["0.35420000","0.00000000"],["0.35440000","4849.00000000"],["0.35480000","5346.00000000"]]}}
1633998536.675916: {"stream":"nknusdt@depth@100ms","data":{"e":"depthUpdate","E":1633998536679,"s":"NKNUSDT","U":499870124,"u":499870124,"b":[["0.35180000","12206.00000000"]],"a":[]}}
1633998536.7744582: {"stream":"nknusdt@depth@100ms","data":{"e":"depthUpdate","E":1633998536779,"s":"NKNUSDT","U":499870125,"u":499870125,"b":[["0.35180000","12139.00000000"]],"a":[]}}
1633998537.0766778: {"stream":"nknusdt@depth@100ms","data":{"e":"depthUpdate","E":1633998537079,"s":"NKNUSDT","U":499870126,"u":499870127,"b":[["0.34990000","3545.00000000"],["0.34750000","2171.00000000"]],"a":[]}}
1633998537.275811: {"stream":"nknusdt@depth@100ms","data":{"e":"depthUpdate","E":1633998537279,"s":"NKNUSDT","U":499870128,"u":499870129,"b":[],"a":[["0.35330000","145.00000000"],["0.35370000","8191.00000000"]]}}
1633998537.286502: {"stream":"nknusdt@bookTicker","data":{"u":499870131,"s":"NKNUSDT","b":"0.35270000","B":"7246.00000000","a":"0.35310000","A":"152.00000000"}}
1633998537.387028: {"stream":"nknusdt@depth@100ms","data":{"e":"depthUpdate","E":1633998537380,"s":"NKNUSDT","U":499870130,"u":499870132,"b":[["0.35270000","7246.00000000"]],"a":[["0.35340000","3116.00000000"],["0.35380000","10117.00000000"]]}}
1633998537.476367: {"stream":"nknusdt@depth@100ms","data":{"e":"depthUpdate","E":1633998537480,"s":"NKNUSDT","U":499870133,"u":499870135,"b":[],"a":[["0.35330000","2713.00000000"],["0.35450000","9425.00000000"],["0.35520000","22139.00000000"]]}}
1633998537.521816: {"stream":"nknusdt@bookTicker","data":{"u":499870138,"s":"NKNUSDT","b":"0.35270000","B":"9602.00000000","a":"0.35310000","A":"152.00000000"}}
1633998537.574823: {"stream":"nknusdt@depth@100ms","data":{"e":"depthUpdate","E":1633998537580,"s":"NKNUSDT","U":499870136,"u":499870139,"b":[["0.35270000","9602.00000000"],["0.35260000","2829.00000000"],["0.34750000","2032.00000000"]],"a":[["0.35320000","949.00000000"]]}}
1633998537.675406: {"stream":"nknusdt@depth@100ms","data":{"e":"depthUpdate","E":1633998537680,"s":"NKNUSDT","U":499870140,"u":499870141,"b":[["0.35240000","2833.00000000"],["0.35140000","20639.00000000"]],"a":[]}}
1633998537.775678: {"stream":"nknusdt@depth@100ms","data":{"e":"depthUpdate","E":1633998537780,"s":"NKNUSDT","U":499870142,"u":499870143,"b":[["0.35200000","1211.00000000"]],"a":[["0.35360000","11501.00000000"]]}}
1633998538.175225: {"stream":"nknusdt@depth@100ms","data":{"e":"depthUpdate","E":1633998538180,"s":"NKNUSDT","U":499870144,"u":499870144,"b":[["0.35240000","3421.00000000"]],"a":[]}}
1633998538.376798: {"stream":"nknusdt@depth@100ms","data":{"e":"depthUpdate","E":1633998538380,"s":"NKNUSDT","U":499870145,"u":499870145,"b":[],"a":[["0.35360000","12082.00000000"]]}}
1633998538.4763489: {"stream":"nknusdt@depth@100ms","data":{"e":"depthUpdate","E":1633998538480,"s":"NKNUSDT","U":499870146,"u":499870146,"b":[],"a":[["0.35350000","4229.00000000"]]}}
1633998538.939976: {"stream":"lrcbtc@bookTicker","data":{"u":259345556,"s":"LRCBTC","b":"0.00000637","B":"5500.00000000","a":"0.00000638","A":"2285.00000000"}}
1633998538.977261: {"stream":"lrcbtc@depth@100ms","data":{"e":"depthUpdate","E":1633998538980,"s":"LRCBTC","U":259345556,"u":259345557,"b":[["0.00000637","5500.00000000"]],"a":[["0.00000639","46369.00000000"]]}}
1633998539.336658: {"stream":"nknusdt@depth@100ms","data":{"e":"depthUpdate","E":1633998539281,"s":"NKNUSDT","U":499870147,"u":499870147,"b":[["0.34760000","3896.00000000"]],"a":[]}}
1633998539.377129: {"stream":"nknusdt@depth@100ms","data":{"e":"depthUpdate","E":1633998539381,"s":"NKNUSDT","U":499870148,"u":499870148,"b":[["0.34830000","50486.00000000"]],"a":[]}}
1633998539.951947: {"stream":"lrcbtc@bookTicker","data":{"u":259345558,"s":"LRCBTC","b":"0.00000637","B":"2500.00000000","a":"0.00000638","A":"2285.00000000"}}
1633998539.976563: {"stream":"lrcbtc@depth@100ms","data":{"e":"depthUpdate","E":1633998539981,"s":"LRCBTC","U":259345558,"u":259345558,"b":[["0.00000637","2500.00000000"]],"a":[]}}
1633998540.248886: {"stream":"nknusdt@bookTicker","data":{"u":499870150,"s":"NKNUSDT","b":"0.35270000","B":"7246.00000000","a":"0.35310000","A":"152.00000000"}}
1633998540.250894: {"stream":"nknusdt@bookTicker","data":{"u":499870151,"s":"NKNUSDT","b":"0.35270000","B":"9602.00000000","a":"0.35310000","A":"152.00000000"}}
1633998540.2774122: {"stream":"nknusdt@depth@100ms","data":{"e":"depthUpdate","E":1633998540281,"s":"NKNUSDT","U":499870149,"u":499870151,"b":[["0.35270000","9602.00000000"]],"a":[["0.35460000","6833.00000000"]]}}
1633998540.3772821: {"stream":"nknusdt@depth@100ms","data":{"e":"depthUpdate","E":1633998540381,"s":"NKNUSDT","U":499870152,"u":499870152,"b":[],"a":[["0.35390000","15704.00000000"]]}}
1633998540.577405: {"stream":"nknusdt@depth@100ms","data":{"e":"depthUpdate","E":1633998540581,"s":"NKNUSDT","U":499870153,"u":499870157,"b":[["0.35250000","1850.00000000"],["0.35170000","5674.00000000"],["0.34550000","2237.00000000"]],"a":[["0.35450000","1209.00000000"],["0.35460000","5945.00000000"]]}}
1633998540.5775502: {"stream":"lrcbtc@depth@100ms","data":{"e":"depthUpdate","E":1633998540581,"s":"LRCBTC","U":259345559,"u":259345562,"b":[["0.00000636","10310.00000000"],["0.00000634","44780.00000000"]],"a":[["0.00000639","44576.00000000"],["0.00000640","15869.00000000"]]}}
1633998540.678106: {"stream":"nknusdt@depth@100ms","data":{"e":"depthUpdate","E":1633998540681,"s":"NKNUSDT","U":499870158,"u":499870158,"b":[],"a":[["0.35390000","16577.00000000"]]}}
1633998540.7765708: {"stream":"nknusdt@depth@100ms","data":{"e":"depthUpdate","E":1633998540781,"s":"NKNUSDT","U":499870159,"u":499870159,"b":[["0.34720000","2479.00000000"]],"a":[]}}
1633998540.976491: {"stream":"nknusdt@depth@100ms","data":{"e":"depthUpdate","E":1633998540981,"s":"NKNUSDT","U":499870160,"u":499870162,"b":[["0.35120000","42.00000000"]],"a":[["0.35360000","16324.00000000"],["0.35380000","5877.00000000"]]}}
1633998540.976623: {"stream":"lrcbtc@depth@100ms","data":{"e":"depthUpdate","E":1633998540981,"s":"LRCBTC","U":259345563,"u":259345563,"b":[],"a":[["0.00000639","45096.00000000"]]}}
1633998541.0780108: {"stream":"nknusdt@depth@100ms","data":{"e":"depthUpdate","E":1633998541081,"s":"NKNUSDT","U":499870163,"u":499870164,"b":[],"a":[["0.35360000","12082.00000000"],["0.37000000","10496.00000000"]]}}
1633998541.178324: {"stream":"nknusdt@depth@100ms","data":{"e":"depthUpdate","E":1633998541182,"s":"NKNUSDT","U":499870165,"u":499870165,"b":[["0.34880000","10639.00000000"]],"a":[]}}
1633998541.277666: {"stream":"nknusdt@depth@100ms","data":{"e":"depthUpdate","E":1633998541281,"s":"NKNUSDT","U":499870166,"u":499870174,"b":[["0.35210000","7135.00000000"],["0.35180000","9282.00000000"],["0.35170000","10132.00000000"],["0.35130000","3474.00000000"]],"a":[["0.35400000","6806.00000000"],["0.35440000","7029.00000000"],["0.35480000","888.00000000"]]}}
1633998541.477707: {"stream":"nknusdt@depth@100ms","data":{"e":"depthUpdate","E":1633998541482,"s":"NKNUSDT","U":499870175,"u":499870177,"b":[["0.35220000","6736.00000000"]],"a":[["0.35380000","5382.00000000"]]}}
1633998541.5778549: {"stream":"nknusdt@depth@100ms","data":{"e":"depthUpdate","E":1633998541581,"s":"NKNUSDT","U":499870178,"u":499870178,"b":[["0.35220000","7231.00000000"]],"a":[]}}
1633998541.989086: {"stream":"runeeur@depth@100ms","data":{"e":"depthUpdate","E":1633998541982,"s":"RUNEEUR","U":15602512,"u":15602513,"b":[["6.24800000","48.00000000"],["6.08400000","414.30000000"]],"a":[]}}
1633998542.0778618: {"stream":"nknusdt@depth@100ms","data":{"e":"depthUpdate","E":1633998542082,"s":"NKNUSDT","U":499870179,"u":499870179,"b":[],"a":[["0.35360000","16324.00000000"]]}}

