wss://ws.bit.com <-> 1704643982.445343
wss://ws.bit.com <- 1704643983.786807: {"type":"subscribe","channels":["depth"],"instruments":["NEAR-USDT-PERPETUAL"]}
wss://ws.bit.com <- 1704643983.786889: {"type":"subscribe","channels":["ticker"],"instruments":["NEAR-USDT-PERPETUAL"]}
wss://ws.bit.com <- 1704643983.786954: {"type":"subscribe","channels":["trade"],"instruments":["NEAR-USDT-PERPETUAL"]}
1704643984.0931358: {"channel":"subscription","timestamp":1704643983956,"data":{"code":0,"subscription":["depth"]}}
1704643984.093168: {"channel":"subscription","timestamp":1704643983956,"data":{"code":0,"subscription":["ticker"]}}
1704643984.09318: {"channel":"ticker","timestamp":1704643983429,"data":{"ask_sigma":"","best_ask":"3.35800000","best_ask_qty":"370.00000000","best_bid":"3.35100000","best_bid_qty":"110.00000000","bid_sigma":"","display_name":"NEAR-USDT-PERPETUAL","funding_rate":"0.00010000","funding_rate8h":"0.00008331","high24h":"3.69800000","index_price":"3.35324167","instrument_id":"NEAR-USDT-PERPETUAL","last_price":"3.35300000","last_qty":"760.00000000","low24h":"3.32400000","mark_price":"3.35249581","max_buy":"3.45400000","min_sell":"3.25100000","open24h":"3.47500000","open_interest":"144109.49000000","price_change24h":"-0.03510791","time":1704643983429,"volume24h":"789510.00000000","volume_usd24h":"2749913.42000000"},"module":"linear"}
1704643984.093278: {"channel":"subscription","timestamp":1704643983956,"data":{"code":0,"subscription":["trade"]}}
1704643984.093291: {"channel":"depth","timestamp":1704643983957,"data":{"type":"snapshot","instrument_id":"NEAR-USDT-PERPETUAL","sequence":1702545259448208,"bids":[["3.35100000","110.00000000"],["3.34900000","420.00000000"],["3.34800000","510.00000000"],["3.34700000","1150.00000000"],["3.34600000","200.00000000"],["3.34500000","210.00000000"],["3.34400000","200.00000000"],["3.34300000","190.00000000"],["3.34200000","200.00000000"],["3.34000000","1160.00000000"],["3.33800000","1150.00000000"],["3.33600000","1170.00000000"],["3.30000000","50.00000000"]],"asks":[["3.35800000","370.00000000"],["3.35900000","110.00000000"],["3.36000000","1690.00000000"],["3.36100000","220.00000000"],["3.36300000","200.00000000"],["3.36400000","190.00000000"],["3.36500000","220.00000000"],["3.36700000","790.00000000"],["3.36900000","660.00000000"],["3.37100000","1160.00000000"],["3.90000000","70.00000000"]]},"module":"linear"}
1704643984.547971: {"channel":"ticker","timestamp":1704643984429,"data":{"ask_sigma":"","best_ask":"3.35800000","best_ask_qty":"370.00000000","best_bid":"3.35100000","best_bid_qty":"110.00000000","bid_sigma":"","display_name":"NEAR-USDT-PERPETUAL","funding_rate":"0.00010000","funding_rate8h":"0.00008331","high24h":"3.69800000","index_price":"3.35320833","instrument_id":"NEAR-USDT-PERPETUAL","last_price":"3.35300000","last_qty":"760.00000000","low24h":"3.32400000","mark_price":"3.35255321","max_buy":"3.45400000","min_sell":"3.25100000","open24h":"3.47500000","open_interest":"144109.49000000","price_change24h":"-0.03510791","time":1704643984429,"volume24h":"789510.00000000","volume_usd24h":"2749913.42000000"},"module":"linear"}
1704643984.716704: {"channel":"depth","timestamp":1704643984627,"data":{"type":"snapshot","instrument_id":"NEAR-USDT-PERPETUAL","sequence":1702545259448226,"bids":[["3.34900000","410.00000000"],["3.34800000","510.00000000"],["3.34700000","1160.00000000"],["3.34600000","200.00000000"],["3.34500000","200.00000000"],["3.34400000","200.00000000"],["3.34300000","190.00000000"],["3.34200000","190.00000000"],["3.34000000","1150.00000000"],["3.33800000","1150.00000000"],["3.33600000","1170.00000000"],["3.30000000","50.00000000"]],"asks":[["3.35800000","370.00000000"],["3.35900000","110.00000000"],["3.36000000","1690.00000000"],["3.36100000","220.00000000"],["3.36200000","200.00000000"],["3.36300000","200.00000000"],["3.36400000","190.00000000"],["3.36500000","220.00000000"],["3.36700000","790.00000000"],["3.36900000","660.00000000"],["3.37100000","1160.00000000"],["3.90000000","70.00000000"]]},"module":"linear"}
1704643984.723289: {"channel":"ticker","timestamp":1704643984629,"data":{"ask_sigma":"","best_ask":"3.35800000","best_ask_qty":"370.00000000","best_bid":"3.34900000","best_bid_qty":"410.00000000","bid_sigma":"","display_name":"NEAR-USDT-PERPETUAL","funding_rate":"0.00010000","funding_rate8h":"0.00008331","high24h":"3.69800000","index_price":"3.35320833","instrument_id":"NEAR-USDT-PERPETUAL","last_price":"3.35300000","last_qty":"760.00000000","low24h":"3.32400000","mark_price":"3.35255321","max_buy":"3.45400000","min_sell":"3.25100000","open24h":"3.47500000","open_interest":"144109.49000000","price_change24h":"-0.03510791","time":1704643984629,"volume24h":"789510.00000000","volume_usd24h":"2749913.42000000"},"module":"linear"}
1704643984.7422552: {"channel":"depth","timestamp":1704643984649,"data":{"type":"update","instrument_id":"NEAR-USDT-PERPETUAL","sequence":1702545259448227,"prev_sequence":1702545259448226,"changes":[["sell","3.35800000","0.00000000"]]},"module":"linear"}
1704643984.742365: {"channel":"depth","timestamp":1704643984649,"data":{"type":"update","instrument_id":"NEAR-USDT-PERPETUAL","sequence":1702545259448228,"prev_sequence":1702545259448227,"changes":[["sell","3.35700000","370.00000000"]]},"module":"linear"}
1704643984.742414: {"channel":"depth","timestamp":1704643984649,"data":{"type":"update","instrument_id":"NEAR-USDT-PERPETUAL","sequence":1702545259448229,"prev_sequence":1702545259448228,"changes":[["buy","3.34900000","0.00000000"]]},"module":"linear"}
1704643984.742461: {"channel":"depth","timestamp":1704643984650,"data":{"type":"update","instrument_id":"NEAR-USDT-PERPETUAL","sequence":1702545259448230,"prev_sequence":1702545259448229,"changes":[["buy","3.34800000","930.00000000"]]},"module":"linear"}
1704643984.742506: {"channel":"depth","timestamp":1704643984650,"data":{"type":"update","instrument_id":"NEAR-USDT-PERPETUAL","sequence":1702545259448231,"prev_sequence":1702545259448230,"changes":[["sell","3.36000000","510.00000000"]]},"module":"linear"}
1704643984.742528: {"channel":"depth","timestamp":1704643984650,"data":{"type":"update","instrument_id":"NEAR-USDT-PERPETUAL","sequence":1702545259448232,"prev_sequence":1702545259448231,"changes":[["sell","3.35900000","1280.00000000"]]},"module":"linear"}
1704643984.742548: {"channel":"depth","timestamp":1704643984650,"data":{"type":"update","instrument_id":"NEAR-USDT-PERPETUAL","sequence":1702545259448233,"prev_sequence":1702545259448232,"changes":[["buy","3.34700000","0.00000000"]]},"module":"linear"}
1704643984.7425768: {"channel":"depth","timestamp":1704643984650,"data":{"type":"update","instrument_id":"NEAR-USDT-PERPETUAL","sequence":1702545259448234,"prev_sequence":1702545259448233,"changes":[["buy","3.34600000","1350.00000000"]]},"module":"linear"}
1704643984.742603: {"channel":"depth","timestamp":1704643984650,"data":{"type":"update","instrument_id":"NEAR-USDT-PERPETUAL","sequence":1702545259448235,"prev_sequence":1702545259448234,"changes":[["sell","3.36100000","0.00000000"]]},"module":"linear"}
1704643984.742623: {"channel":"depth","timestamp":1704643984650,"data":{"type":"update","instrument_id":"NEAR-USDT-PERPETUAL","sequence":1702545259448236,"prev_sequence":1702545259448235,"changes":[["sell","3.36000000","710.00000000"]]},"module":"linear"}
1704643984.806315: {"channel":"depth","timestamp":1704643984650,"data":{"type":"update","instrument_id":"NEAR-USDT-PERPETUAL","sequence":1702545259448237,"prev_sequence":1702545259448236,"changes":[["buy","3.34600000","1150.00000000"]]},"module":"linear"}
1704643984.806429: {"channel":"depth","timestamp":1704643984650,"data":{"type":"update","instrument_id":"NEAR-USDT-PERPETUAL","sequence":1702545259448238,"prev_sequence":1702545259448237,"changes":[["buy","3.34500000","430.00000000"]]},"module":"linear"}
1704643984.80648: {"channel":"depth","timestamp":1704643984650,"data":{"type":"update","instrument_id":"NEAR-USDT-PERPETUAL","sequence":1702545259448239,"prev_sequence":1702545259448238,"changes":[["sell","3.36200000","0.00000000"]]},"module":"linear"}
1704643984.806505: {"channel":"depth","timestamp":1704643984650,"data":{"type":"update","instrument_id":"NEAR-USDT-PERPETUAL","sequence":1702545259448240,"prev_sequence":1702545259448239,"changes":[["sell","3.36100000","230.00000000"]]},"module":"linear"}
1704643984.806528: {"channel":"depth","timestamp":1704643984650,"data":{"type":"update","instrument_id":"NEAR-USDT-PERPETUAL","sequence":1702545259448241,"prev_sequence":1702545259448240,"changes":[["buy","3.34500000","230.00000000"]]},"module":"linear"}
1704643984.8065479: {"channel":"depth","timestamp":1704643984650,"data":{"type":"update","instrument_id":"NEAR-USDT-PERPETUAL","sequence":1702545259448242,"prev_sequence":1702545259448241,"changes":[["buy","3.34400000","420.00000000"]]},"module":"linear"}
1704643984.8065689: {"channel":"depth","timestamp":1704643984650,"data":{"type":"update","instrument_id":"NEAR-USDT-PERPETUAL","sequence":1702545259448243,"prev_sequence":1702545259448242,"changes":[["sell","3.36300000","0.00000000"]]},"module":"linear"}
1704643984.806605: {"channel":"depth","timestamp":1704643984650,"data":{"type":"update","instrument_id":"NEAR-USDT-PERPETUAL","sequence":1702545259448244,"prev_sequence":1702545259448243,"changes":[["sell","3.36200000","220.00000000"]]},"module":"linear"}
1704643984.806626: {"channel":"depth","timestamp":1704643984650,"data":{"type":"update","instrument_id":"NEAR-USDT-PERPETUAL","sequence":1702545259448245,"prev_sequence":1702545259448244,"changes":[["buy","3.34400000","220.00000000"]]},"module":"linear"}
1704643984.806645: {"channel":"depth","timestamp":1704643984650,"data":{"type":"update","instrument_id":"NEAR-USDT-PERPETUAL","sequence":1702545259448246,"prev_sequence":1702545259448245,"changes":[["buy","3.34300000","400.00000000"]]},"module":"linear"}
1704643984.9737222: {"channel":"ticker","timestamp":1704643984679,"data":{"ask_sigma":"","best_ask":"3.35700000","best_ask_qty":"370.00000000","best_bid":"3.34800000","best_bid_qty":"930.00000000","bid_sigma":"","display_name":"NEAR-USDT-PERPETUAL","funding_rate":"0.00010000","funding_rate8h":"0.00008331","high24h":"3.69800000","index_price":"3.35320833","instrument_id":"NEAR-USDT-PERPETUAL","last_price":"3.35300000","last_qty":"760.00000000","low24h":"3.32400000","mark_price":"3.35255321","max_buy":"3.45400000","min_sell":"3.25100000","open24h":"3.47500000","open_interest":"144109.49000000","price_change24h":"-0.03510791","time":1704643984679,"volume24h":"789510.00000000","volume_usd24h":"2749913.42000000"},"module":"linear"}
1704643984.973821: {"channel":"depth","timestamp":1704643984698,"data":{"type":"update","instrument_id":"NEAR-USDT-PERPETUAL","sequence":1702545259448247,"prev_sequence":1702545259448246,"changes":[["sell","3.36400000","0.00000000"]]},"module":"linear"}
1704643984.973888: {"channel":"depth","timestamp":1704643984698,"data":{"type":"update","instrument_id":"NEAR-USDT-PERPETUAL","sequence":1702545259448248,"prev_sequence":1702545259448247,"changes":[["sell","3.36300000","230.00000000"]]},"module":"linear"}
1704643984.9739509: {"channel":"depth","timestamp":1704643984698,"data":{"type":"update","instrument_id":"NEAR-USDT-PERPETUAL","sequence":1702545259448249,"prev_sequence":1702545259448248,"changes":[["buy","3.34300000","210.00000000"]]},"module":"linear"}
1704643984.9739761: {"channel":"depth","timestamp":1704643984698,"data":{"type":"update","instrument_id":"NEAR-USDT-PERPETUAL","sequence":1702545259448250,"prev_sequence":1702545259448249,"changes":[["buy","3.34200000","390.00000000"]]},"module":"linear"}
1704643984.973996: {"channel":"depth","timestamp":1704643984698,"data":{"type":"update","instrument_id":"NEAR-USDT-PERPETUAL","sequence":1702545259448251,"prev_sequence":1702545259448250,"changes":[["sell","3.36500000","0.00000000"]]},"module":"linear"}
1704643984.974017: {"channel":"depth","timestamp":1704643984698,"data":{"type":"update","instrument_id":"NEAR-USDT-PERPETUAL","sequence":1702545259448252,"prev_sequence":1702545259448251,"changes":[["sell","3.36400000","210.00000000"]]},"module":"linear"}
1704643984.983038: {"channel":"depth","timestamp":1704643984698,"data":{"type":"update","instrument_id":"NEAR-USDT-PERPETUAL","sequence":1702545259448253,"prev_sequence":1702545259448252,"changes":[["buy","3.34200000","200.00000000"]]},"module":"linear"}
1704643984.983114: {"channel":"depth","timestamp":1704643984698,"data":{"type":"update","instrument_id":"NEAR-USDT-PERPETUAL","sequence":1702545259448254,"prev_sequence":1702545259448253,"changes":[["buy","3.34100000","220.00000000"]]},"module":"linear"}
1704643984.983144: {"channel":"depth","timestamp":1704643984698,"data":{"type":"update","instrument_id":"NEAR-USDT-PERPETUAL","sequence":1702545259448255,"prev_sequence":1702545259448254,"changes":[["sell","3.36700000","0.00000000"]]},"module":"linear"}
1704643984.983168: {"channel":"depth","timestamp":1704643984698,"data":{"type":"update","instrument_id":"NEAR-USDT-PERPETUAL","sequence":1702545259448256,"prev_sequence":1702545259448255,"changes":[["sell","3.36600000","880.00000000"]]},"module":"linear"}
1704643984.98319: {"channel":"depth","timestamp":1704643984698,"data":{"type":"update","instrument_id":"NEAR-USDT-PERPETUAL","sequence":1702545259448257,"prev_sequence":1702545259448256,"changes":[["buy","3.34000000","0.00000000"]]},"module":"linear"}
1704643984.9832242: {"channel":"depth","timestamp":1704643984698,"data":{"type":"update","instrument_id":"NEAR-USDT-PERPETUAL","sequence":1702545259448258,"prev_sequence":1702545259448257,"changes":[["buy","3.33900000","1170.00000000"]]},"module":"linear"}
1704643984.9832451: {"channel":"depth","timestamp":1704643984698,"data":{"type":"update","instrument_id":"NEAR-USDT-PERPETUAL","sequence":1702545259448259,"prev_sequence":1702545259448258,"changes":[["sell","3.36900000","0.00000000"]]},"module":"linear"}
1704643984.983265: {"channel":"depth","timestamp":1704643984698,"data":{"type":"update","instrument_id":"NEAR-USDT-PERPETUAL","sequence":1702545259448260,"prev_sequence":1702545259448259,"changes":[["sell","3.36800000","510.00000000"]]},"module":"linear"}
1704643984.983284: {"channel":"depth","timestamp":1704643984698,"data":{"type":"update","instrument_id":"NEAR-USDT-PERPETUAL","sequence":1702545259448261,"prev_sequence":1702545259448260,"changes":[["buy","3.33800000","0.00000000"]]},"module":"linear"}
1704643984.9833028: {"channel":"depth","timestamp":1704643984698,"data":{"type":"update","instrument_id":"NEAR-USDT-PERPETUAL","sequence":1702545259448262,"prev_sequence":1702545259448261,"changes":[["buy","3.33700000","1080.00000000"]]},"module":"linear"}
1704643984.9833221: {"channel":"depth","timestamp":1704643984698,"data":{"type":"update","instrument_id":"NEAR-USDT-PERPETUAL","sequence":1702545259448263,"prev_sequence":1702545259448262,"changes":[["sell","3.37100000","0.00000000"]]},"module":"linear"}
1704643984.9833422: {"channel":"depth","timestamp":1704643984698,"data":{"type":"update","instrument_id":"NEAR-USDT-PERPETUAL","sequence":1702545259448264,"prev_sequence":1702545259448263,"changes":[["sell","3.37000000","1160.00000000"]]},"module":"linear"}
1704643984.983361: {"channel":"depth","timestamp":1704643984698,"data":{"type":"update","instrument_id":"NEAR-USDT-PERPETUAL","sequence":1702545259448265,"prev_sequence":1702545259448264,"changes":[["buy","3.33600000","0.00000000"]]},"module":"linear"}
1704643984.983381: {"channel":"depth","timestamp":1704643984698,"data":{"type":"update","instrument_id":"NEAR-USDT-PERPETUAL","sequence":1702545259448266,"prev_sequence":1702545259448265,"changes":[["buy","3.33500000","1180.00000000"]]},"module":"linear"}
1704643984.9833999: {"channel":"depth","timestamp":1704643984742,"data":{"type":"update","instrument_id":"NEAR-USDT-PERPETUAL","sequence":1702545259448267,"prev_sequence":1702545259448266,"changes":[["buy","3.35000000","110.00000000"]]},"module":"linear"}
1704643984.9944289: {"channel":"ticker","timestamp":1704643984779,"data":{"ask_sigma":"","best_ask":"3.35700000","best_ask_qty":"370.00000000","best_bid":"3.35000000","best_bid_qty":"110.00000000","bid_sigma":"","display_name":"NEAR-USDT-PERPETUAL","funding_rate":"0.00010000","funding_rate8h":"0.00008331","high24h":"3.69800000","index_price":"3.35320833","instrument_id":"NEAR-USDT-PERPETUAL","last_price":"3.35300000","last_qty":"760.00000000","low24h":"3.32400000","mark_price":"3.35255321","max_buy":"3.45400000","min_sell":"3.25100000","open24h":"3.47500000","open_interest":"144109.49000000","price_change24h":"-0.03510791","time":1704643984779,"volume24h":"789510.00000000","volume_usd24h":"2749913.42000000"},"module":"linear"}
1704643985.119927: {"channel":"ticker","timestamp":1704643985029,"data":{"ask_sigma":"","best_ask":"3.35700000","best_ask_qty":"370.00000000","best_bid":"3.35000000","best_bid_qty":"110.00000000","bid_sigma":"","display_name":"NEAR-USDT-PERPETUAL","funding_rate":"0.00010000","funding_rate8h":"0.00008331","high24h":"3.69800000","index_price":"3.35320833","instrument_id":"NEAR-USDT-PERPETUAL","last_price":"3.35300000","last_qty":"760.00000000","low24h":"3.32400000","mark_price":"3.35255321","max_buy":"3.45400000","min_sell":"3.25100000","open24h":"3.47500000","open_interest":"144109.49000000","price_change24h":"-0.03510791","time":1704643985029,"volume24h":"789510.00000000","volume_usd24h":"2749913.42000000"},"module":"linear"}
1704643985.336027: {"channel":"depth","timestamp":1704643985246,"data":{"type":"update","instrument_id":"NEAR-USDT-PERPETUAL","sequence":1702545259448268,"prev_sequence":1702545259448267,"changes":[["buy","3.35000000","0.00000000"]]},"module":"linear"}
1704643985.372192: {"channel":"ticker","timestamp":1704643985279,"data":{"ask_sigma":"","best_ask":"3.35700000","best_ask_qty":"370.00000000","best_bid":"3.34800000","best_bid_qty":"930.00000000","bid_sigma":"","display_name":"NEAR-USDT-PERPETUAL","funding_rate":"0.00010000","funding_rate8h":"0.00008331","high24h":"3.69800000","index_price":"3.35320833","instrument_id":"NEAR-USDT-PERPETUAL","last_price":"3.35300000","last_qty":"760.00000000","low24h":"3.32400000","mark_price":"3.35255321","max_buy":"3.45400000","min_sell":"3.25100000","open24h":"3.47500000","open_interest":"144109.49000000","price_change24h":"-0.03510791","time":1704643985279,"volume24h":"789510.00000000","volume_usd24h":"2749913.42000000"},"module":"linear"}
1704643985.3963141: {"channel":"depth","timestamp":1704643985302,"data":{"type":"update","instrument_id":"NEAR-USDT-PERPETUAL","sequence":1702545259448269,"prev_sequence":1702545259448268,"changes":[["sell","3.35700000","0.00000000"]]},"module":"linear"}
1704643985.396373: {"channel":"depth","timestamp":1704643985302,"data":{"type":"update","instrument_id":"NEAR-USDT-PERPETUAL","sequence":1702545259448270,"prev_sequence":1702545259448269,"changes":[["sell","3.35600000","360.00000000"]]},"module":"linear"}
1704643985.396399: {"channel":"depth","timestamp":1704643985302,"data":{"type":"update","instrument_id":"NEAR-USDT-PERPETUAL","sequence":1702545259448271,"prev_sequence":1702545259448270,"changes":[["buy","3.34800000","510.00000000"]]},"module":"linear"}
1704643985.396419: {"channel":"depth","timestamp":1704643985302,"data":{"type":"update","instrument_id":"NEAR-USDT-PERPETUAL","sequence":1702545259448272,"prev_sequence":1702545259448271,"changes":[["buy","3.34700000","390.00000000"]]},"module":"linear"}
1704643985.396436: {"channel":"depth","timestamp":1704643985302,"data":{"type":"update","instrument_id":"NEAR-USDT-PERPETUAL","sequence":1702545259448273,"prev_sequence":1702545259448272,"changes":[["sell","3.35900000","110.00000000"]]},"module":"linear"}
1704643985.3964522: {"channel":"depth","timestamp":1704643985302,"data":{"type":"update","instrument_id":"NEAR-USDT-PERPETUAL","sequence":1702545259448274,"prev_sequence":1702545259448273,"changes":[["sell","3.35800000","1150.00000000"]]},"module":"linear"}
1704643985.3971221: {"channel":"depth","timestamp":1704643985302,"data":{"type":"update","instrument_id":"NEAR-USDT-PERPETUAL","sequence":1702545259448275,"prev_sequence":1702545259448274,"changes":[["buy","3.34600000","0.00000000"]]},"module":"linear"}
1704643985.397155: {"channel":"depth","timestamp":1704643985302,"data":{"type":"update","instrument_id":"NEAR-USDT-PERPETUAL","sequence":1702545259448276,"prev_sequence":1702545259448275,"changes":[["buy","3.34500000","1420.00000000"]]},"module":"linear"}
1704643985.397173: {"channel":"depth","timestamp":1704643985302,"data":{"type":"update","instrument_id":"NEAR-USDT-PERPETUAL","sequence":1702545259448277,"prev_sequence":1702545259448276,"changes":[["sell","3.36000000","510.00000000"]]},"module":"linear"}
1704643985.3971891: {"channel":"depth","timestamp":1704643985302,"data":{"type":"update","instrument_id":"NEAR-USDT-PERPETUAL","sequence":1702545259448278,"prev_sequence":1702545259448277,"changes":[["sell","3.35900000","310.00000000"]]},"module":"linear"}
1704643985.3972049: {"channel":"depth","timestamp":1704643985302,"data":{"type":"update","instrument_id":"NEAR-USDT-PERPETUAL","sequence":1702545259448279,"prev_sequence":1702545259448278,"changes":[["buy","3.34500000","1190.00000000"]]},"module":"linear"}
1704643985.3972201: {"channel":"depth","timestamp":1704643985302,"data":{"type":"update","instrument_id":"NEAR-USDT-PERPETUAL","sequence":1702545259448280,"prev_sequence":1702545259448279,"changes":[["buy","3.34400000","410.00000000"]]},"module":"linear"}
1704643985.397235: {"channel":"depth","timestamp":1704643985302,"data":{"type":"update","instrument_id":"NEAR-USDT-PERPETUAL","sequence":1702545259448281,"prev_sequence":1702545259448280,"changes":[["sell","3.36100000","0.00000000"]]},"module":"linear"}
1704643985.39725: {"channel":"depth","timestamp":1704643985302,"data":{"type":"update","instrument_id":"NEAR-USDT-PERPETUAL","sequence":1702545259448282,"prev_sequence":1702545259448281,"changes":[["sell","3.36000000","700.00000000"]]},"module":"linear"}
1704643985.3972638: {"channel":"depth","timestamp":1704643985302,"data":{"type":"update","instrument_id":"NEAR-USDT-PERPETUAL","sequence":1702545259448283,"prev_sequence":1702545259448282,"changes":[["buy","3.34400000","190.00000000"]]},"module":"linear"}
1704643985.397279: {"channel":"depth","timestamp":1704643985302,"data":{"type":"update","instrument_id":"NEAR-USDT-PERPETUAL","sequence":1702545259448284,"prev_sequence":1702545259448283,"changes":[["buy","3.34300000","430.00000000"]]},"module":"linear"}
1704643985.397293: {"channel":"depth","timestamp":1704643985302,"data":{"type":"update","instrument_id":"NEAR-USDT-PERPETUAL","sequence":1702545259448285,"prev_sequence":1702545259448284,"changes":[["sell","3.36200000","0.00000000"]]},"module":"linear"}
1704643985.397307: {"channel":"depth","timestamp":1704643985302,"data":{"type":"update","instrument_id":"NEAR-USDT-PERPETUAL","sequence":1702545259448286,"prev_sequence":1702545259448285,"changes":[["sell","3.36100000","190.00000000"]]},"module":"linear"}
1704643985.397322: {"channel":"depth","timestamp":1704643985302,"data":{"type":"update","instrument_id":"NEAR-USDT-PERPETUAL","sequence":1702545259448287,"prev_sequence":1702545259448286,"changes":[["buy","3.34300000","220.00000000"]]},"module":"linear"}
1704643985.3973382: {"channel":"depth","timestamp":1704643985302,"data":{"type":"update","instrument_id":"NEAR-USDT-PERPETUAL","sequence":1702545259448288,"prev_sequence":1702545259448287,"changes":[["buy","3.34200000","420.00000000"]]},"module":"linear"}
1704643985.420753: {"channel":"ticker","timestamp":1704643985329,"data":{"ask_sigma":"","best_ask":"3.35600000","best_ask_qty":"360.00000000","best_bid":"3.34800000","best_bid_qty":"510.00000000","bid_sigma":"","display_name":"NEAR-USDT-PERPETUAL","funding_rate":"0.00010000","funding_rate8h":"0.00008331","high24h":"3.69800000","index_price":"3.35320833","instrument_id":"NEAR-USDT-PERPETUAL","last_price":"3.35300000","last_qty":"760.00000000","low24h":"3.32400000","mark_price":"3.35255321","max_buy":"3.45400000","min_sell":"3.25100000","open24h":"3.47500000","open_interest":"144109.49000000","price_change24h":"-0.03510791","time":1704643985329,"volume24h":"789510.00000000","volume_usd24h":"2749913.42000000"},"module":"linear"}
1704643985.4820008: {"channel":"depth","timestamp":1704643985394,"data":{"type":"update","instrument_id":"NEAR-USDT-PERPETUAL","sequence":1702545259448289,"prev_sequence":1702545259448288,"changes":[["buy","3.34900000","110.00000000"]]},"module":"linear"}
1704643985.5131001: {"channel":"depth","timestamp":1704643985423,"data":{"type":"update","instrument_id":"NEAR-USDT-PERPETUAL","sequence":1702545259448290,"prev_sequence":1702545259448289,"changes":[["sell","3.35900000","200.00000000"]]},"module":"linear"}
1704643985.522652: {"channel":"ticker","timestamp":1704643985432,"data":{"ask_sigma":"","best_ask":"3.35600000","best_ask_qty":"360.00000000","best_bid":"3.34900000","best_bid_qty":"110.00000000","bid_sigma":"","display_name":"NEAR-USDT-PERPETUAL","funding_rate":"0.00010000","funding_rate8h":"0.00008331","high24h":"3.69800000","index_price":"3.35259167","instrument_id":"NEAR-USDT-PERPETUAL","last_price":"3.35300000","last_qty":"760.00000000","low24h":"3.32400000","mark_price":"3.35194063","max_buy":"3.45300000","min_sell":"3.25100000","open24h":"3.47500000","open_interest":"144109.49000000","price_change24h":"-0.03510791","time":1704643985432,"volume24h":"789510.00000000","volume_usd24h":"2749913.42000000"},"module":"linear"}
1704643985.770269: {"channel":"ticker","timestamp":1704643985681,"data":{"ask_sigma":"","best_ask":"3.35500000","best_ask_qty":"110.00000000","best_bid":"3.34900000","best_bid_qty":"110.00000000","bid_sigma":"","display_name":"NEAR-USDT-PERPETUAL","funding_rate":"0.00010000","funding_rate8h":"0.00008331","high24h":"3.69800000","index_price":"3.35259167","instrument_id":"NEAR-USDT-PERPETUAL","last_price":"3.35300000","last_qty":"760.00000000","low24h":"3.32400000","mark_price":"3.35194063","max_buy":"3.45300000","min_sell":"3.25100000","open24h":"3.47500000","open_interest":"144109.49000000","price_change24h":"-0.03510791","time":1704643985681,"volume24h":"789510.00000000","volume_usd24h":"2749913.42000000"},"module":"linear"}
1704643985.788002: {"channel":"depth","timestamp":1704643985699,"data":{"type":"update","instrument_id":"NEAR-USDT-PERPETUAL","sequence":1702545259448291,"prev_sequence":1702545259448290,"changes":[["sell","3.35500000","110.00000000"]]},"module":"linear"}
1704643986.552547: {"channel":"depth","timestamp":1704643986369,"data":{"type":"update","instrument_id":"NEAR-USDT-PERPETUAL","sequence":1702545259448292,"prev_sequence":1702545259448291,"changes":[["sell","3.35600000","0.00000000"]]},"module":"linear"}
1704643986.55265: {"channel":"depth","timestamp":1704643986369,"data":{"type":"update","instrument_id":"NEAR-USDT-PERPETUAL","sequence":1702545259448293,"prev_sequence":1702545259448292,"changes":[["sell","3.35600000","360.00000000"]]},"module":"linear"}
1704643986.5526972: {"channel":"depth","timestamp":1704643986369,"data":{"type":"update","instrument_id":"NEAR-USDT-PERPETUAL","sequence":1702545259448294,"prev_sequence":1702545259448293,"changes":[["buy","3.34700000","0.00000000"]]},"module":"linear"}
1704643986.552737: {"channel":"depth","timestamp":1704643986369,"data":{"type":"update","instrument_id":"NEAR-USDT-PERPETUAL","sequence":1702545259448295,"prev_sequence":1702545259448294,"changes":[["buy","3.34700000","400.00000000"]]},"module":"linear"}
1704643986.552771: {"channel":"depth","timestamp":1704643986369,"data":{"type":"update","instrument_id":"NEAR-USDT-PERPETUAL","sequence":1702545259448296,"prev_sequence":1702545259448295,"changes":[["sell","3.36100000","0.00000000"]]},"module":"linear"}
1704643986.552802: {"channel":"depth","timestamp":1704643986369,"data":{"type":"update","instrument_id":"NEAR-USDT-PERPETUAL","sequence":1702545259448297,"prev_sequence":1702545259448296,"changes":[["sell","3.36100000","190.00000000"]]},"module":"linear"}
1704643986.552833: {"channel":"depth","timestamp":1704643986370,"data":{"type":"update","instrument_id":"NEAR-USDT-PERPETUAL","sequence":1702545259448298,"prev_sequence":1702545259448297,"changes":[["buy","3.34500000","0.00000000"]]},"module":"linear"}
1704643986.552887: {"channel":"depth","timestamp":1704643986370,"data":{"type":"update","instrument_id":"NEAR-USDT-PERPETUAL","sequence":1702545259448299,"prev_sequence":1702545259448298,"changes":[["buy","3.34500000","1150.00000000"]]},"module":"linear"}
1704643986.552918: {"channel":"depth","timestamp":1704643986370,"data":{"type":"update","instrument_id":"NEAR-USDT-PERPETUAL","sequence":1702545259448300,"prev_sequence":1702545259448299,"changes":[["sell","3.36600000","0.00000000"]]},"module":"linear"}
1704643986.5534642: {"channel":"depth","timestamp":1704643986370,"data":{"type":"update","instrument_id":"NEAR-USDT-PERPETUAL","sequence":1702545259448301,"prev_sequence":1702545259448300,"changes":[["sell","3.36500000","1150.00000000"]]},"module":"linear"}
1704643986.553505: {"channel":"depth","timestamp":1704643986370,"data":{"type":"update","instrument_id":"NEAR-USDT-PERPETUAL","sequence":1702545259448302,"prev_sequence":1702545259448301,"changes":[["buy","3.34200000","200.00000000"]]},"module":"linear"}
1704643986.553532: {"channel":"depth","timestamp":1704643986370,"data":{"type":"update","instrument_id":"NEAR-USDT-PERPETUAL","sequence":1702545259448303,"prev_sequence":1702545259448302,"changes":[["buy","3.34200000","410.00000000"]]},"module":"linear"}
1704643986.553552: {"channel":"depth","timestamp":1704643986370,"data":{"type":"update","instrument_id":"NEAR-USDT-PERPETUAL","sequence":1702545259448304,"prev_sequence":1702545259448303,"changes":[["buy","3.34200000","210.00000000"]]},"module":"linear"}
1704643986.5535722: {"channel":"depth","timestamp":1704643986370,"data":{"type":"update","instrument_id":"NEAR-USDT-PERPETUAL","sequence":1702545259448305,"prev_sequence":1702545259448304,"changes":[["buy","3.34100000","440.00000000"]]},"module":"linear"}
1704643986.553591: {"channel":"depth","timestamp":1704643986370,"data":{"type":"update","instrument_id":"NEAR-USDT-PERPETUAL","sequence":1702545259448306,"prev_sequence":1702545259448305,"changes":[["buy","3.34100000","220.00000000"]]},"module":"linear"}
1704643986.553611: {"channel":"depth","timestamp":1704643986370,"data":{"type":"update","instrument_id":"NEAR-USDT-PERPETUAL","sequence":1702545259448307,"prev_sequence":1702545259448306,"changes":[["buy","3.34000000","220.00000000"]]},"module":"linear"}
1704643986.553633: {"channel":"depth","timestamp":1704643986370,"data":{"type":"update","instrument_id":"NEAR-USDT-PERPETUAL","sequence":1702545259448308,"prev_sequence":1702545259448307,"changes":[["buy","3.33700000","0.00000000"]]},"module":"linear"}
1704643986.553653: {"channel":"depth","timestamp":1704643986370,"data":{"type":"update","instrument_id":"NEAR-USDT-PERPETUAL","sequence":1702545259448309,"prev_sequence":1702545259448308,"changes":[["buy","3.33600000","1160.00000000"]]},"module":"linear"}
1704643986.5536718: {"channel":"depth","timestamp":1704643986370,"data":{"type":"update","instrument_id":"NEAR-USDT-PERPETUAL","sequence":1702545259448310,"prev_sequence":1702545259448309,"changes":[["buy","3.33500000","0.00000000"]]},"module":"linear"}
1704643986.553691: {"channel":"depth","timestamp":1704643986370,"data":{"type":"update","instrument_id":"NEAR-USDT-PERPETUAL","sequence":1702545259448311,"prev_sequence":1702545259448310,"changes":[["buy","3.33400000","1160.00000000"]]},"module":"linear"}
1704643986.553709: {"channel":"ticker","timestamp":1704643986429,"data":{"ask_sigma":"","best_ask":"3.35500000","best_ask_qty":"110.00000000","best_bid":"3.34900000","best_bid_qty":"110.00000000","bid_sigma":"","display_name":"NEAR-USDT-PERPETUAL","funding_rate":"0.00010000","funding_rate8h":"0.00008331","high24h":"3.69800000","index_price":"3.35199167","instrument_id":"NEAR-USDT-PERPETUAL","last_price":"3.35300000","last_qty":"760.00000000","low24h":"3.32400000","mark_price":"3.35138317","max_buy":"3.45200000","min_sell":"3.25000000","open24h":"3.47500000","open_interest":"144109.49000000","price_change24h":"-0.03510791","time":1704643986429,"volume24h":"789510.00000000","volume_usd24h":"2749913.42000000"},"module":"linear"}
1704643987.0811038: {"channel":"depth","timestamp":1704643986992,"data":{"type":"update","instrument_id":"NEAR-USDT-PERPETUAL","sequence":1702545259448312,"prev_sequence":1702545259448311,"changes":[["sell","3.36000000","190.00000000"]]},"module":"linear"}
1704643987.130713: {"channel":"depth","timestamp":1704643987041,"data":{"type":"update","instrument_id":"NEAR-USDT-PERPETUAL","sequence":1702545259448313,"prev_sequence":1702545259448312,"changes":[["sell","3.35600000","0.00000000"]]},"module":"linear"}
1704643987.1307871: {"channel":"depth","timestamp":1704643987041,"data":{"type":"update","instrument_id":"NEAR-USDT-PERPETUAL","sequence":1702545259448314,"prev_sequence":1702545259448313,"changes":[["sell","3.35500000","500.00000000"]]},"module":"linear"}
1704643987.130819: {"channel":"depth","timestamp":1704643987041,"data":{"type":"update","instrument_id":"NEAR-USDT-PERPETUAL","sequence":1702545259448315,"prev_sequence":1702545259448314,"changes":[["buy","3.34700000","0.00000000"]]},"module":"linear"}
1704643987.1308749: {"channel":"depth","timestamp":1704643987041,"data":{"type":"update","instrument_id":"NEAR-USDT-PERPETUAL","sequence":1702545259448316,"prev_sequence":1702545259448315,"changes":[["buy","3.34600000","410.00000000"]]},"module":"linear"}
1704643987.130898: {"channel":"depth","timestamp":1704643987041,"data":{"type":"update","instrument_id":"NEAR-USDT-PERPETUAL","sequence":1702545259448317,"prev_sequence":1702545259448316,"changes":[["sell","3.35800000","0.00000000"]]},"module":"linear"}
1704643987.130919: {"channel":"depth","timestamp":1704643987041,"data":{"type":"update","instrument_id":"NEAR-USDT-PERPETUAL","sequence":1702545259448318,"prev_sequence":1702545259448317,"changes":[["sell","3.35700000","1170.00000000"]]},"module":"linear"}
1704643987.13094: {"channel":"depth","timestamp":1704643987041,"data":{"type":"update","instrument_id":"NEAR-USDT-PERPETUAL","sequence":1702545259448319,"prev_sequence":1702545259448318,"changes":[["buy","3.34500000","0.00000000"]]},"module":"linear"}
1704643987.130961: {"channel":"depth","timestamp":1704643987041,"data":{"type":"update","instrument_id":"NEAR-USDT-PERPETUAL","sequence":1702545259448320,"prev_sequence":1702545259448319,"changes":[["buy","3.34400000","1340.00000000"]]},"module":"linear"}
1704643987.1309812: {"channel":"depth","timestamp":1704643987041,"data":{"type":"update","instrument_id":"NEAR-USDT-PERPETUAL","sequence":1702545259448321,"prev_sequence":1702545259448320,"changes":[["sell","3.35900000","0.00000000"]]},"module":"linear"}
1704643987.131009: {"channel":"depth","timestamp":1704643987041,"data":{"type":"update","instrument_id":"NEAR-USDT-PERPETUAL","sequence":1702545259448322,"prev_sequence":1702545259448321,"changes":[["sell","3.35800000","220.00000000"]]},"module":"linear"}
1704643987.131029: {"channel":"depth","timestamp":1704643987041,"data":{"type":"update","instrument_id":"NEAR-USDT-PERPETUAL","sequence":1702545259448323,"prev_sequence":1702545259448322,"changes":[["buy","3.34400000","1150.00000000"]]},"module":"linear"}
1704643987.131049: {"channel":"depth","timestamp":1704643987041,"data":{"type":"update","instrument_id":"NEAR-USDT-PERPETUAL","sequence":1702545259448324,"prev_sequence":1702545259448323,"changes":[["buy","3.34300000","450.00000000"]]},"module":"linear"}
1704643987.131069: {"channel":"depth","timestamp":1704643987041,"data":{"type":"update","instrument_id":"NEAR-USDT-PERPETUAL","sequence":1702545259448325,"prev_sequence":1702545259448324,"changes":[["sell","3.36000000","0.00000000"]]},"module":"linear"}
1704643987.131089: {"channel":"depth","timestamp":1704643987041,"data":{"type":"update","instrument_id":"NEAR-USDT-PERPETUAL","sequence":1702545259448326,"prev_sequence":1702545259448325,"changes":[["sell","3.35900000","220.00000000"]]},"module":"linear"}
1704643987.131108: {"channel":"depth","timestamp":1704643987041,"data":{"type":"update","instrument_id":"NEAR-USDT-PERPETUAL","sequence":1702545259448327,"prev_sequence":1702545259448326,"changes":[["buy","3.34300000","230.00000000"]]},"module":"linear"}
1704643987.131129: {"channel":"depth","timestamp":1704643987041,"data":{"type":"update","instrument_id":"NEAR-USDT-PERPETUAL","sequence":1702545259448328,"prev_sequence":1702545259448327,"changes":[["buy","3.34200000","440.00000000"]]},"module":"linear"}
1704643987.131149: {"channel":"depth","timestamp":1704643987041,"data":{"type":"update","instrument_id":"NEAR-USDT-PERPETUAL","sequence":1702545259448329,"prev_sequence":1702545259448328,"changes":[["sell","3.36100000","0.00000000"]]},"module":"linear"}
1704643987.131167: {"channel":"depth","timestamp":1704643987041,"data":{"type":"update","instrument_id":"NEAR-USDT-PERPETUAL","sequence":1702545259448330,"prev_sequence":1702545259448329,"changes":[["sell","3.36000000","200.00000000"]]},"module":"linear"}
1704643987.131187: {"channel":"depth","timestamp":1704643987041,"data":{"type":"update","instrument_id":"NEAR-USDT-PERPETUAL","sequence":1702545259448331,"prev_sequence":1702545259448330,"changes":[["buy","3.34200000","230.00000000"]]},"module":"linear"}
1704643987.131205: {"channel":"depth","timestamp":1704643987041,"data":{"type":"update","instrument_id":"NEAR-USDT-PERPETUAL","sequence":1702545259448332,"prev_sequence":1702545259448331,"changes":[["buy","3.34100000","410.00000000"]]},"module":"linear"}
1704643987.1312242: {"channel":"depth","timestamp":1704643987041,"data":{"type":"update","instrument_id":"NEAR-USDT-PERPETUAL","sequence":1702545259448333,"prev_sequence":1702545259448332,"changes":[["buy","3.34800000","0.00000000"]]},"module":"linear"}
1704643987.1681972: {"channel":"ticker","timestamp":1704643987079,"data":{"ask_sigma":"","best_ask":"3.35500000","best_ask_qty":"500.00000000","best_bid":"3.34900000","best_bid_qty":"110.00000000","bid_sigma":"","display_name":"NEAR-USDT-PERPETUAL","funding_rate":"0.00010000","funding_rate8h":"0.00008331","high24h":"3.69800000","index_price":"3.35199167","instrument_id":"NEAR-USDT-PERPETUAL","last_price":"3.35300000","last_qty":"760.00000000","low24h":"3.32400000","mark_price":"3.35138317","max_buy":"3.45200000","min_sell":"3.25000000","open24h":"3.47500000","open_interest":"144109.49000000","price_change24h":"-0.03510791","time":1704643987079,"volume24h":"789510.00000000","volume_usd24h":"2749913.42000000"},"module":"linear"}
1704643987.179179: {"channel":"depth","timestamp":1704643987088,"data":{"type":"update","instrument_id":"NEAR-USDT-PERPETUAL","sequence":1702545259448334,"prev_sequence":1702545259448333,"changes":[["sell","3.36300000","0.00000000"]]},"module":"linear"}
1704643987.179256: {"channel":"depth","timestamp":1704643987088,"data":{"type":"update","instrument_id":"NEAR-USDT-PERPETUAL","sequence":1702545259448335,"prev_sequence":1702545259448334,"changes":[["sell","3.36100000","230.00000000"]]},"module":"linear"}
1704643987.1792881: {"channel":"depth","timestamp":1704643987088,"data":{"type":"update","instrument_id":"NEAR-USDT-PERPETUAL","sequence":1702545259448336,"prev_sequence":1702545259448335,"changes":[["buy","3.34100000","190.00000000"]]},"module":"linear"}
1704643987.179313: {"channel":"depth","timestamp":1704643987088,"data":{"type":"update","instrument_id":"NEAR-USDT-PERPETUAL","sequence":1702545259448337,"prev_sequence":1702545259448336,"changes":[["buy","3.34000000","450.00000000"]]},"module":"linear"}
1704643987.1793349: {"channel":"depth","timestamp":1704643987088,"data":{"type":"update","instrument_id":"NEAR-USDT-PERPETUAL","sequence":1702545259448338,"prev_sequence":1702545259448337,"changes":[["sell","3.36400000","0.00000000"]]},"module":"linear"}
1704643987.1793642: {"channel":"depth","timestamp":1704643987088,"data":{"type":"update","instrument_id":"NEAR-USDT-PERPETUAL","sequence":1702545259448339,"prev_sequence":1702545259448338,"changes":[["sell","3.36200000","230.00000000"]]},"module":"linear"}
1704643987.1793861: {"channel":"depth","timestamp":1704643987088,"data":{"type":"update","instrument_id":"NEAR-USDT-PERPETUAL","sequence":1702545259448340,"prev_sequence":1702545259448339,"changes":[["buy","3.34000000","230.00000000"]]},"module":"linear"}
1704643987.179405: {"channel":"depth","timestamp":1704643987088,"data":{"type":"update","instrument_id":"NEAR-USDT-PERPETUAL","sequence":1702545259448341,"prev_sequence":1702545259448340,"changes":[["buy","3.33900000","1400.00000000"]]},"module":"linear"}
1704643987.179425: {"channel":"depth","timestamp":1704643987088,"data":{"type":"update","instrument_id":"NEAR-USDT-PERPETUAL","sequence":1702545259448342,"prev_sequence":1702545259448341,"changes":[["sell","3.36500000","0.00000000"]]},"module":"linear"}
1704643987.179445: {"channel":"depth","timestamp":1704643987088,"data":{"type":"update","instrument_id":"NEAR-USDT-PERPETUAL","sequence":1702545259448343,"prev_sequence":1702545259448342,"changes":[["sell","3.36400000","650.00000000"]]},"module":"linear"}
1704643987.1794639: {"channel":"depth","timestamp":1704643987088,"data":{"type":"update","instrument_id":"NEAR-USDT-PERPETUAL","sequence":1702545259448344,"prev_sequence":1702545259448343,"changes":[["buy","3.33900000","230.00000000"]]},"module":"linear"}
1704643987.179483: {"channel":"depth","timestamp":1704643987088,"data":{"type":"update","instrument_id":"NEAR-USDT-PERPETUAL","sequence":1702545259448345,"prev_sequence":1702545259448344,"changes":[["buy","3.33700000","1190.00000000"]]},"module":"linear"}
1704643987.1795032: {"channel":"depth","timestamp":1704643987088,"data":{"type":"update","instrument_id":"NEAR-USDT-PERPETUAL","sequence":1702545259448346,"prev_sequence":1702545259448345,"changes":[["sell","3.36800000","0.00000000"]]},"module":"linear"}
1704643987.179529: {"channel":"depth","timestamp":1704643987088,"data":{"type":"update","instrument_id":"NEAR-USDT-PERPETUAL","sequence":1702545259448347,"prev_sequence":1702545259448346,"changes":[["sell","3.36600000","1160.00000000"]]},"module":"linear"}
1704643987.179549: {"channel":"depth","timestamp":1704643987088,"data":{"type":"update","instrument_id":"NEAR-USDT-PERPETUAL","sequence":1702545259448348,"prev_sequence":1702545259448347,"changes":[["buy","3.33600000","0.00000000"]]},"module":"linear"}
1704643987.179568: {"channel":"depth","timestamp":1704643987088,"data":{"type":"update","instrument_id":"NEAR-USDT-PERPETUAL","sequence":1702545259448349,"prev_sequence":1702545259448348,"changes":[["buy","3.33500000","1150.00000000"]]},"module":"linear"}
1704643987.1796029: {"channel":"depth","timestamp":1704643987088,"data":{"type":"update","instrument_id":"NEAR-USDT-PERPETUAL","sequence":1702545259448350,"prev_sequence":1702545259448349,"changes":[["sell","3.37000000","0.00000000"]]},"module":"linear"}
1704643987.179623: {"channel":"depth","timestamp":1704643987089,"data":{"type":"update","instrument_id":"NEAR-USDT-PERPETUAL","sequence":1702545259448351,"prev_sequence":1702545259448350,"changes":[["sell","3.36800000","660.00000000"]]},"module":"linear"}
1704643987.1796422: {"channel":"depth","timestamp":1704643987089,"data":{"type":"update","instrument_id":"NEAR-USDT-PERPETUAL","sequence":1702545259448352,"prev_sequence":1702545259448351,"changes":[["buy","3.33400000","0.00000000"]]},"module":"linear"}
1704643987.179661: {"channel":"depth","timestamp":1704643987089,"data":{"type":"update","instrument_id":"NEAR-USDT-PERPETUAL","sequence":1702545259448353,"prev_sequence":1702545259448352,"changes":[["buy","3.33300000","1150.00000000"]]},"module":"linear"}
1704643987.219092: {"channel":"depth","timestamp":1704643987130,"data":{"type":"update","instrument_id":"NEAR-USDT-PERPETUAL","sequence":1702545259448354,"prev_sequence":1702545259448353,"changes":[["buy","3.34900000","0.00000000"]]},"module":"linear"}
1704643987.2192: {"channel":"depth","timestamp":1704643987130,"data":{"type":"update","instrument_id":"NEAR-USDT-PERPETUAL","sequence":1702545259448355,"prev_sequence":1702545259448354,"changes":[["sell","3.35600000","510.00000000"]]},"module":"linear"}
1704643987.269873: {"channel":"depth","timestamp":1704643987174,"data":{"type":"update","instrument_id":"NEAR-USDT-PERPETUAL","sequence":1702545259448356,"prev_sequence":1702545259448355,"changes":[["buy","3.34600000","920.00000000"]]},"module":"linear"}
1704643987.269977: {"channel":"ticker","timestamp":1704643987179,"data":{"ask_sigma":"","best_ask":"3.35500000","best_ask_qty":"500.00000000","best_bid":"3.34600000","best_bid_qty":"920.00000000","bid_sigma":"","display_name":"NEAR-USDT-PERPETUAL","funding_rate":"0.00010000","funding_rate8h":"0.00008331","high24h":"3.69800000","index_price":"3.35199167","instrument_id":"NEAR-USDT-PERPETUAL","last_price":"3.35300000","last_qty":"760.00000000","low24h":"3.32400000","mark_price":"3.35138317","max_buy":"3.45200000","min_sell":"3.25000000","open24h":"3.47500000","open_interest":"144109.49000000","price_change24h":"-0.03510791","time":1704643987179,"volume24h":"789510.00000000","volume_usd24h":"2749913.42000000"},"module":"linear"}
1704643987.341155: {"channel":"depth","timestamp":1704643987253,"data":{"type":"update","instrument_id":"NEAR-USDT-PERPETUAL","sequence":1702545259448357,"prev_sequence":1702545259448356,"changes":[["buy","3.34700000","110.00000000"]]},"module":"linear"}
1704643987.3690681: {"channel":"ticker","timestamp":1704643987279,"data":{"ask_sigma":"","best_ask":"3.35500000","best_ask_qty":"500.00000000","best_bid":"3.34700000","best_bid_qty":"110.00000000","bid_sigma":"","display_name":"NEAR-USDT-PERPETUAL","funding_rate":"0.00010000","funding_rate8h":"0.00008331","high24h":"3.69800000","index_price":"3.35199167","instrument_id":"NEAR-USDT-PERPETUAL","last_price":"3.35300000","last_qty":"760.00000000","low24h":"3.32400000","mark_price":"3.35138317","max_buy":"3.45200000","min_sell":"3.25000000","open24h":"3.47500000","open_interest":"144109.49000000","price_change24h":"-0.03510791","time":1704643987279,"volume24h":"789510.00000000","volume_usd24h":"2749913.42000000"},"module":"linear"}
1704643987.5744798: {"channel":"ticker","timestamp":1704643987429,"data":{"ask_sigma":"","best_ask":"3.35500000","best_ask_qty":"500.00000000","best_bid":"3.34700000","best_bid_qty":"110.00000000","bid_sigma":"","display_name":"NEAR-USDT-PERPETUAL","funding_rate":"0.00010000","funding_rate8h":"0.00008331","high24h":"3.69800000","index_price":"3.35132500","instrument_id":"NEAR-USDT-PERPETUAL","last_price":"3.35300000","last_qty":"760.00000000","low24h":"3.32400000","mark_price":"3.35071443","max_buy":"3.45200000","min_sell":"3.25000000","open24h":"3.47500000","open_interest":"144109.49000000","price_change24h":"-0.03510791","time":1704643987429,"volume24h":"789510.00000000","volume_usd24h":"2749913.42000000"},"module":"linear"}
1704643987.831427: {"channel":"depth","timestamp":1704643987743,"data":{"type":"update","instrument_id":"NEAR-USDT-PERPETUAL","sequence":1702545259448358,"prev_sequence":1702545259448357,"changes":[["sell","3.35500000","110.00000000"]]},"module":"linear"}
1704643987.831538: {"channel":"depth","timestamp":1704643987743,"data":{"type":"update","instrument_id":"NEAR-USDT-PERPETUAL","sequence":1702545259448359,"prev_sequence":1702545259448358,"changes":[["sell","3.35600000","900.00000000"]]},"module":"linear"}
1704643987.8334248: {"channel":"depth","timestamp":1704643987743,"data":{"type":"update","instrument_id":"NEAR-USDT-PERPETUAL","sequence":1702545259448360,"prev_sequence":1702545259448359,"changes":[["buy","3.34600000","510.00000000"]]},"module":"linear"}
1704643987.833498: {"channel":"depth","timestamp":1704643987743,"data":{"type":"update","instrument_id":"NEAR-USDT-PERPETUAL","sequence":1702545259448361,"prev_sequence":1702545259448360,"changes":[["buy","3.34700000","500.00000000"]]},"module":"linear"}
1704643987.833529: {"channel":"depth","timestamp":1704643987743,"data":{"type":"update","instrument_id":"NEAR-USDT-PERPETUAL","sequence":1702545259448362,"prev_sequence":1702545259448361,"changes":[["sell","3.35700000","0.00000000"]]},"module":"linear"}
1704643987.833567: {"channel":"depth","timestamp":1704643987743,"data":{"type":"update","instrument_id":"NEAR-USDT-PERPETUAL","sequence":1702545259448363,"prev_sequence":1702545259448362,"changes":[["sell","3.35800000","1410.00000000"]]},"module":"linear"}
1704643987.8335922: {"channel":"depth","timestamp":1704643987743,"data":{"type":"update","instrument_id":"NEAR-USDT-PERPETUAL","sequence":1702545259448364,"prev_sequence":1702545259448363,"changes":[["buy","3.34400000","0.00000000"]]},"module":"linear"}
1704643987.833614: {"channel":"depth","timestamp":1704643987743,"data":{"type":"update","instrument_id":"NEAR-USDT-PERPETUAL","sequence":1702545259448365,"prev_sequence":1702545259448364,"changes":[["buy","3.34500000","1190.00000000"]]},"module":"linear"}
1704643987.8336341: {"channel":"depth","timestamp":1704643987743,"data":{"type":"update","instrument_id":"NEAR-USDT-PERPETUAL","sequence":1702545259448366,"prev_sequence":1702545259448365,"changes":[["sell","3.35800000","1190.00000000"]]},"module":"linear"}
1704643987.833654: {"channel":"depth","timestamp":1704643987743,"data":{"type":"update","instrument_id":"NEAR-USDT-PERPETUAL","sequence":1702545259448367,"prev_sequence":1702545259448366,"changes":[["sell","3.35900000","420.00000000"]]},"module":"linear"}
1704643987.833674: {"channel":"depth","timestamp":1704643987743,"data":{"type":"update","instrument_id":"NEAR-USDT-PERPETUAL","sequence":1702545259448368,"prev_sequence":1702545259448367,"changes":[["buy","3.34300000","0.00000000"]]},"module":"linear"}
1704643987.833694: {"channel":"depth","timestamp":1704643987743,"data":{"type":"update","instrument_id":"NEAR-USDT-PERPETUAL","sequence":1702545259448369,"prev_sequence":1702545259448368,"changes":[["buy","3.34400000","210.00000000"]]},"module":"linear"}
1704643987.833729: {"channel":"depth","timestamp":1704643987743,"data":{"type":"update","instrument_id":"NEAR-USDT-PERPETUAL","sequence":1702545259448370,"prev_sequence":1702545259448369,"changes":[["sell","3.35900000","200.00000000"]]},"module":"linear"}
1704643987.833749: {"channel":"depth","timestamp":1704643987743,"data":{"type":"update","instrument_id":"NEAR-USDT-PERPETUAL","sequence":1702545259448371,"prev_sequence":1702545259448370,"changes":[["sell","3.36000000","400.00000000"]]},"module":"linear"}
1704643987.8337688: {"channel":"depth","timestamp":1704643987743,"data":{"type":"update","instrument_id":"NEAR-USDT-PERPETUAL","sequence":1702545259448372,"prev_sequence":1702545259448371,"changes":[["buy","3.34200000","0.00000000"]]},"module":"linear"}
1704643987.8337889: {"channel":"depth","timestamp":1704643987743,"data":{"type":"update","instrument_id":"NEAR-USDT-PERPETUAL","sequence":1702545259448373,"prev_sequence":1702545259448372,"changes":[["buy","3.34300000","230.00000000"]]},"module":"linear"}
1704643987.833808: {"channel":"depth","timestamp":1704643987743,"data":{"type":"update","instrument_id":"NEAR-USDT-PERPETUAL","sequence":1702545259448374,"prev_sequence":1702545259448373,"changes":[["sell","3.36000000","200.00000000"]]},"module":"linear"}
1704643987.8338282: {"channel":"depth","timestamp":1704643987743,"data":{"type":"update","instrument_id":"NEAR-USDT-PERPETUAL","sequence":1702545259448375,"prev_sequence":1702545259448374,"changes":[["sell","3.36100000","440.00000000"]]},"module":"linear"}
1704643987.8338492: {"channel":"depth","timestamp":1704643987743,"data":{"type":"update","instrument_id":"NEAR-USDT-PERPETUAL","sequence":1702545259448376,"prev_sequence":1702545259448375,"changes":[["buy","3.34100000","0.00000000"]]},"module":"linear"}
1704643987.833868: {"channel":"depth","timestamp":1704643987743,"data":{"type":"update","instrument_id":"NEAR-USDT-PERPETUAL","sequence":1702545259448377,"prev_sequence":1702545259448376,"changes":[["buy","3.34200000","230.00000000"]]},"module":"linear"}
1704643987.86713: {"channel":"ticker","timestamp":1704643987779,"data":{"ask_sigma":"","best_ask":"3.35500000","best_ask_qty":"110.00000000","best_bid":"3.34700000","best_bid_qty":"500.00000000","bid_sigma":"","display_name":"NEAR-USDT-PERPETUAL","funding_rate":"0.00010000","funding_rate8h":"0.00008331","high24h":"3.69800000","index_price":"3.35132500","instrument_id":"NEAR-USDT-PERPETUAL","last_price":"3.35300000","last_qty":"760.00000000","low24h":"3.32400000","mark_price":"3.35071443","max_buy":"3.45200000","min_sell":"3.25000000","open24h":"3.47500000","open_interest":"144109.49000000","price_change24h":"-0.03510791","time":1704643987779,"volume24h":"789510.00000000","volume_usd24h":"2749913.42000000"},"module":"linear"}
1704643988.539884: {"channel":"ticker","timestamp":1704643988429,"data":{"ask_sigma":"","best_ask":"3.35500000","best_ask_qty":"110.00000000","best_bid":"3.34700000","best_bid_qty":"500.00000000","bid_sigma":"","display_name":"NEAR-USDT-PERPETUAL","funding_rate":"0.00010000","funding_rate8h":"0.00008331","high24h":"3.69800000","index_price":"3.35117500","instrument_id":"NEAR-USDT-PERPETUAL","last_price":"3.35300000","last_qty":"760.00000000","low24h":"3.32400000","mark_price":"3.35061290","max_buy":"3.45200000","min_sell":"3.25000000","open24h":"3.47500000","open_interest":"144109.49000000","price_change24h":"-0.03510791","time":1704643988429,"volume24h":"789510.00000000","volume_usd24h":"2749913.42000000"},"module":"linear"}
1704643988.940026: {"channel":"depth","timestamp":1704643988852,"data":{"type":"update","instrument_id":"NEAR-USDT-PERPETUAL","sequence":1702545259448378,"prev_sequence":1702545259448377,"changes":[["sell","3.35800000","0.00000000"]]},"module":"linear"}
1704643988.9401019: {"channel":"depth","timestamp":1704643988852,"data":{"type":"update","instrument_id":"NEAR-USDT-PERPETUAL","sequence":1702545259448379,"prev_sequence":1702545259448378,"changes":[["sell","3.35800000","1170.00000000"]]},"module":"linear"}
1704643988.9438589: {"channel":"depth","timestamp":1704643988852,"data":{"type":"update","instrument_id":"NEAR-USDT-PERPETUAL","sequence":1702545259448380,"prev_sequence":1702545259448379,"changes":[["buy","3.34700000","110.00000000"]]},"module":"linear"}
1704643988.943955: {"channel":"depth","timestamp":1704643988852,"data":{"type":"update","instrument_id":"NEAR-USDT-PERPETUAL","sequence":1702545259448381,"prev_sequence":1702545259448380,"changes":[["buy","3.34700000","510.00000000"]]},"module":"linear"}
1704643988.943988: {"channel":"depth","timestamp":1704643988852,"data":{"type":"update","instrument_id":"NEAR-USDT-PERPETUAL","sequence":1702545259448382,"prev_sequence":1702545259448381,"changes":[["sell","3.36100000","210.00000000"]]},"module":"linear"}
1704643988.944013: {"channel":"depth","timestamp":1704643988852,"data":{"type":"update","instrument_id":"NEAR-USDT-PERPETUAL","sequence":1702545259448383,"prev_sequence":1702545259448382,"changes":[["sell","3.36200000","420.00000000"]]},"module":"linear"}
1704643988.944035: {"channel":"depth","timestamp":1704643988852,"data":{"type":"update","instrument_id":"NEAR-USDT-PERPETUAL","sequence":1702545259448384,"prev_sequence":1702545259448383,"changes":[["buy","3.34500000","0.00000000"]]},"module":"linear"}
1704643988.944056: {"channel":"depth","timestamp":1704643988852,"data":{"type":"update","instrument_id":"NEAR-USDT-PERPETUAL","sequence":1702545259448385,"prev_sequence":1702545259448384,"changes":[["buy","3.34500000","1160.00000000"]]},"module":"linear"}
1704643988.944077: {"channel":"depth","timestamp":1704643988852,"data":{"type":"update","instrument_id":"NEAR-USDT-PERPETUAL","sequence":1702545259448386,"prev_sequence":1702545259448385,"changes":[["sell","3.36400000","0.00000000"]]},"module":"linear"}
1704643988.944097: {"channel":"depth","timestamp":1704643988852,"data":{"type":"update","instrument_id":"NEAR-USDT-PERPETUAL","sequence":1702545259448387,"prev_sequence":1702545259448386,"changes":[["sell","3.36500000","1190.00000000"]]},"module":"linear"}
1704643988.944117: {"channel":"depth","timestamp":1704643988852,"data":{"type":"update","instrument_id":"NEAR-USDT-PERPETUAL","sequence":1702545259448388,"prev_sequence":1702545259448387,"changes":[["buy","3.34400000","0.00000000"]]},"module":"linear"}
1704643988.944136: {"channel":"depth","timestamp":1704643988852,"data":{"type":"update","instrument_id":"NEAR-USDT-PERPETUAL","sequence":1702545259448389,"prev_sequence":1702545259448388,"changes":[["buy","3.34400000","210.00000000"]]},"module":"linear"}
1704643988.944155: {"channel":"depth","timestamp":1704643988852,"data":{"type":"update","instrument_id":"NEAR-USDT-PERPETUAL","sequence":1702545259448390,"prev_sequence":1702545259448389,"changes":[["sell","3.36600000","0.00000000"]]},"module":"linear"}
1704643988.944174: {"channel":"depth","timestamp":1704643988852,"data":{"type":"update","instrument_id":"NEAR-USDT-PERPETUAL","sequence":1702545259448391,"prev_sequence":1702545259448390,"changes":[["sell","3.36700000","1150.00000000"]]},"module":"linear"}
1704643988.9441931: {"channel":"depth","timestamp":1704643988852,"data":{"type":"update","instrument_id":"NEAR-USDT-PERPETUAL","sequence":1702545259448392,"prev_sequence":1702545259448391,"changes":[["buy","3.34300000","0.00000000"]]},"module":"linear"}
1704643988.944212: {"channel":"depth","timestamp":1704643988852,"data":{"type":"update","instrument_id":"NEAR-USDT-PERPETUAL","sequence":1702545259448393,"prev_sequence":1702545259448392,"changes":[["buy","3.34300000","230.00000000"]]},"module":"linear"}
1704643988.944232: {"channel":"depth","timestamp":1704643988852,"data":{"type":"update","instrument_id":"NEAR-USDT-PERPETUAL","sequence":1702545259448394,"prev_sequence":1702545259448393,"changes":[["sell","3.36800000","0.00000000"]]},"module":"linear"}
1704643988.9442508: {"channel":"depth","timestamp":1704643988852,"data":{"type":"update","instrument_id":"NEAR-USDT-PERPETUAL","sequence":1702545259448395,"prev_sequence":1702545259448394,"changes":[["sell","3.36900000","710.00000000"]]},"module":"linear"}
1704643988.944269: {"channel":"depth","timestamp":1704643988852,"data":{"type":"update","instrument_id":"NEAR-USDT-PERPETUAL","sequence":1702545259448396,"prev_sequence":1702545259448395,"changes":[["buy","3.34200000","0.00000000"]]},"module":"linear"}
1704643988.944296: {"channel":"depth","timestamp":1704643988852,"data":{"type":"update","instrument_id":"NEAR-USDT-PERPETUAL","sequence":1702545259448397,"prev_sequence":1702545259448396,"changes":[["buy","3.34200000","210.00000000"]]},"module":"linear"}
1704643988.967752: {"channel":"ticker","timestamp":1704643988879,"data":{"ask_sigma":"","best_ask":"3.35500000","best_ask_qty":"110.00000000","best_bid":"3.34700000","best_bid_qty":"510.00000000","bid_sigma":"","display_name":"NEAR-USDT-PERPETUAL","funding_rate":"0.00010000","funding_rate8h":"0.00008331","high24h":"3.69800000","index_price":"3.35117500","instrument_id":"NEAR-USDT-PERPETUAL","last_price":"3.35300000","last_qty":"760.00000000","low24h":"3.32400000","mark_price":"3.35061290","max_buy":"3.45200000","min_sell":"3.25000000","open24h":"3.47500000","open_interest":"144109.49000000","price_change24h":"-0.03510791","time":1704643988879,"volume24h":"789510.00000000","volume_usd24h":"2749913.42000000"},"module":"linear"}
1704643989.115516: {"channel":"depth","timestamp":1704643989024,"data":{"type":"update","instrument_id":"NEAR-USDT-PERPETUAL","sequence":1702545259448398,"prev_sequence":1702545259448397,"changes":[["sell","3.35600000","510.00000000"]]},"module":"linear"}
1704643989.1155899: {"channel":"depth","timestamp":1704643989024,"data":{"type":"update","instrument_id":"NEAR-USDT-PERPETUAL","sequence":1702545259448399,"prev_sequence":1702545259448398,"changes":[["sell","3.35700000","370.00000000"]]},"module":"linear"}
1704643989.1156359: {"channel":"depth","timestamp":1704643989024,"data":{"type":"update","instrument_id":"NEAR-USDT-PERPETUAL","sequence":1702545259448400,"prev_sequence":1702545259448399,"changes":[["buy","3.34700000","110.00000000"]]},"module":"linear"}
1704643989.115675: {"channel":"depth","timestamp":1704643989024,"data":{"type":"update","instrument_id":"NEAR-USDT-PERPETUAL","sequence":1702545259448401,"prev_sequence":1702545259448400,"changes":[["buy","3.34800000","380.00000000"]]},"module":"linear"}
1704643989.1156979: {"channel":"depth","timestamp":1704643989024,"data":{"type":"update","instrument_id":"NEAR-USDT-PERPETUAL","sequence":1702545259448402,"prev_sequence":1702545259448401,"changes":[["sell","3.35800000","0.00000000"]]},"module":"linear"}
1704643989.1157188: {"channel":"depth","timestamp":1704643989024,"data":{"type":"update","instrument_id":"NEAR-USDT-PERPETUAL","sequence":1702545259448403,"prev_sequence":1702545259448402,"changes":[["sell","3.35900000","1270.00000000"]]},"module":"linear"}
1704643989.1157398: {"channel":"depth","timestamp":1704643989024,"data":{"type":"update","instrument_id":"NEAR-USDT-PERPETUAL","sequence":1702545259448404,"prev_sequence":1702545259448403,"changes":[["buy","3.34500000","0.00000000"]]},"module":"linear"}
1704643989.11576: {"channel":"depth","timestamp":1704643989024,"data":{"type":"update","instrument_id":"NEAR-USDT-PERPETUAL","sequence":1702545259448405,"prev_sequence":1702545259448404,"changes":[["buy","3.34600000","1690.00000000"]]},"module":"linear"}
1704643989.115781: {"channel":"depth","timestamp":1704643989024,"data":{"type":"update","instrument_id":"NEAR-USDT-PERPETUAL","sequence":1702545259448406,"prev_sequence":1702545259448405,"changes":[["sell","3.35900000","1070.00000000"]]},"module":"linear"}
1704643989.1158001: {"channel":"depth","timestamp":1704643989024,"data":{"type":"update","instrument_id":"NEAR-USDT-PERPETUAL","sequence":1702545259448407,"prev_sequence":1702545259448406,"changes":[["sell","3.36000000","430.00000000"]]},"module":"linear"}
1704643989.11582: {"channel":"depth","timestamp":1704643989024,"data":{"type":"update","instrument_id":"NEAR-USDT-PERPETUAL","sequence":1702545259448408,"prev_sequence":1702545259448407,"changes":[["buy","3.34400000","0.00000000"]]},"module":"linear"}
1704643989.11584: {"channel":"depth","timestamp":1704643989024,"data":{"type":"update","instrument_id":"NEAR-USDT-PERPETUAL","sequence":1702545259448409,"prev_sequence":1702545259448408,"changes":[["buy","3.34500000","230.00000000"]]},"module":"linear"}
1704643989.115859: {"channel":"depth","timestamp":1704643989024,"data":{"type":"update","instrument_id":"NEAR-USDT-PERPETUAL","sequence":1702545259448410,"prev_sequence":1702545259448409,"changes":[["sell","3.36000000","230.00000000"]]},"module":"linear"}
1704643989.1158779: {"channel":"depth","timestamp":1704643989024,"data":{"type":"update","instrument_id":"NEAR-USDT-PERPETUAL","sequence":1702545259448411,"prev_sequence":1702545259448410,"changes":[["sell","3.36100000","410.00000000"]]},"module":"linear"}
1704643989.115896: {"channel":"depth","timestamp":1704643989024,"data":{"type":"update","instrument_id":"NEAR-USDT-PERPETUAL","sequence":1702545259448412,"prev_sequence":1702545259448411,"changes":[["buy","3.34300000","0.00000000"]]},"module":"linear"}
1704643989.115916: {"channel":"depth","timestamp":1704643989024,"data":{"type":"update","instrument_id":"NEAR-USDT-PERPETUAL","sequence":1702545259448413,"prev_sequence":1702545259448412,"changes":[["buy","3.34400000","230.00000000"]]},"module":"linear"}
1704643989.115942: {"channel":"depth","timestamp":1704643989024,"data":{"type":"update","instrument_id":"NEAR-USDT-PERPETUAL","sequence":1702545259448414,"prev_sequence":1702545259448413,"changes":[["sell","3.36100000","200.00000000"]]},"module":"linear"}
1704643989.115962: {"channel":"depth","timestamp":1704643989024,"data":{"type":"update","instrument_id":"NEAR-USDT-PERPETUAL","sequence":1702545259448415,"prev_sequence":1702545259448414,"changes":[["sell","3.36200000","620.00000000"]]},"module":"linear"}
1704643989.1159801: {"channel":"depth","timestamp":1704643989024,"data":{"type":"update","instrument_id":"NEAR-USDT-PERPETUAL","sequence":1702545259448416,"prev_sequence":1702545259448415,"changes":[["buy","3.34200000","0.00000000"]]},"module":"linear"}
1704643989.115999: {"channel":"depth","timestamp":1704643989024,"data":{"type":"update","instrument_id":"NEAR-USDT-PERPETUAL","sequence":1702545259448417,"prev_sequence":1702545259448416,"changes":[["buy","3.34300000","200.00000000"]]},"module":"linear"}
1704643989.119696: {"channel":"ticker","timestamp":1704643989029,"data":{"ask_sigma":"","best_ask":"3.35500000","best_ask_qty":"110.00000000","best_bid":"3.34800000","best_bid_qty":"380.00000000","bid_sigma":"","display_name":"NEAR-USDT-PERPETUAL","funding_rate":"0.00010000","funding_rate8h":"0.00008331","high24h":"3.69800000","index_price":"3.35117500","instrument_id":"NEAR-USDT-PERPETUAL","last_price":"3.35300000","last_qty":"760.00000000","low24h":"3.32400000","mark_price":"3.35061290","max_buy":"3.45200000","min_sell":"3.25000000","open24h":"3.47500000","open_interest":"144109.49000000","price_change24h":"-0.03510791","time":1704643989029,"volume24h":"789510.00000000","volume_usd24h":"2749913.42000000"},"module":"linear"}
1704643989.137656: {"channel":"depth","timestamp":1704643989048,"data":{"type":"update","instrument_id":"NEAR-USDT-PERPETUAL","sequence":1702545259448418,"prev_sequence":1702545259448417,"changes":[["sell","3.35500000","0.00000000"]]},"module":"linear"}
1704643989.137764: {"channel":"depth","timestamp":1704643989048,"data":{"type":"update","instrument_id":"NEAR-USDT-PERPETUAL","sequence":1702545259448419,"prev_sequence":1702545259448418,"changes":[["sell","3.35600000","0.00000000"]]},"module":"linear"}
1704643989.168136: {"channel":"ticker","timestamp":1704643989079,"data":{"ask_sigma":"","best_ask":"3.35700000","best_ask_qty":"370.00000000","best_bid":"3.34800000","best_bid_qty":"380.00000000","bid_sigma":"","display_name":"NEAR-USDT-PERPETUAL","funding_rate":"0.00010000","funding_rate8h":"0.00008331","high24h":"3.69800000","index_price":"3.35117500","instrument_id":"NEAR-USDT-PERPETUAL","last_price":"3.35300000","last_qty":"760.00000000","low24h":"3.32400000","mark_price":"3.35061290","max_buy":"3.45200000","min_sell":"3.25000000","open24h":"3.47500000","open_interest":"144109.49000000","price_change24h":"-0.03510791","time":1704643989079,"volume24h":"789510.00000000","volume_usd24h":"2749913.42000000"},"module":"linear"}
1704643989.448359: {"channel":"depth","timestamp":1704643989359,"data":{"type":"update","instrument_id":"NEAR-USDT-PERPETUAL","sequence":1702545259448420,"prev_sequence":1702545259448419,"changes":[["sell","3.35600000","110.00000000"]]},"module":"linear"}
1704643989.467515: {"channel":"ticker","timestamp":1704643989379,"data":{"ask_sigma":"","best_ask":"3.35600000","best_ask_qty":"110.00000000","best_bid":"3.34800000","best_bid_qty":"380.00000000","bid_sigma":"","display_name":"NEAR-USDT-PERPETUAL","funding_rate":"0.00010000","funding_rate8h":"0.00008331","high24h":"3.69800000","index_price":"3.35117500","instrument_id":"NEAR-USDT-PERPETUAL","last_price":"3.35300000","last_qty":"760.00000000","low24h":"3.32400000","mark_price":"3.35061290","max_buy":"3.45200000","min_sell":"3.25000000","open24h":"3.47500000","open_interest":"144109.49000000","price_change24h":"-0.03510791","time":1704643989379,"volume24h":"789510.00000000","volume_usd24h":"2749913.42000000"},"module":"linear"}
1704643989.551262: {"channel":"depth","timestamp":1704643989414,"data":{"type":"update","instrument_id":"NEAR-USDT-PERPETUAL","sequence":1702545259448421,"prev_sequence":1702545259448420,"changes":[["sell","3.35800000","510.00000000"]]},"module":"linear"}
1704643989.551357: {"channel":"ticker","timestamp":1704643989429,"data":{"ask_sigma":"","best_ask":"3.35600000","best_ask_qty":"110.00000000","best_bid":"3.34800000","best_bid_qty":"380.00000000","bid_sigma":"","display_name":"NEAR-USDT-PERPETUAL","funding_rate":"0.00010000","funding_rate8h":"0.00008331","high24h":"3.69800000","index_price":"3.35175000","instrument_id":"NEAR-USDT-PERPETUAL","last_price":"3.35300000","last_qty":"760.00000000","low24h":"3.32400000","mark_price":"3.35126066","max_buy":"3.45200000","min_sell":"3.25000000","open24h":"3.47500000","open_interest":"144109.49000000","price_change24h":"-0.03510791","time":1704643989429,"volume24h":"789510.00000000","volume_usd24h":"2749913.42000000"},"module":"linear"}
1704643990.382112: {"channel":"depth","timestamp":1704643990291,"data":{"type":"update","instrument_id":"NEAR-USDT-PERPETUAL","sequence":1702545259448422,"prev_sequence":1702545259448421,"changes":[["sell","3.35700000","0.00000000"]]},"module":"linear"}
1704643990.382188: {"channel":"depth","timestamp":1704643990291,"data":{"type":"update","instrument_id":"NEAR-USDT-PERPETUAL","sequence":1702545259448423,"prev_sequence":1702545259448422,"changes":[["sell","3.35700000","360.00000000"]]},"module":"linear"}
1704643990.382227: {"channel":"depth","timestamp":1704643990291,"data":{"type":"update","instrument_id":"NEAR-USDT-PERPETUAL","sequence":1702545259448424,"prev_sequence":1702545259448423,"changes":[["buy","3.34800000","0.00000000"]]},"module":"linear"}
1704643990.3822532: {"channel":"depth","timestamp":1704643990291,"data":{"type":"update","instrument_id":"NEAR-USDT-PERPETUAL","sequence":1702545259448425,"prev_sequence":1702545259448424,"changes":[["buy","3.34800000","380.00000000"]]},"module":"linear"}
1704643990.3822742: {"channel":"depth","timestamp":1704643990291,"data":{"type":"update","instrument_id":"NEAR-USDT-PERPETUAL","sequence":1702545259448426,"prev_sequence":1702545259448425,"changes":[["sell","3.36000000","0.00000000"]]},"module":"linear"}
1704643990.3822951: {"channel":"depth","timestamp":1704643990291,"data":{"type":"update","instrument_id":"NEAR-USDT-PERPETUAL","sequence":1702545259448427,"prev_sequence":1702545259448426,"changes":[["sell","3.36000000","220.00000000"]]},"module":"linear"}
1704643990.382316: {"channel":"depth","timestamp":1704643990291,"data":{"type":"update","instrument_id":"NEAR-USDT-PERPETUAL","sequence":1702545259448428,"prev_sequence":1702545259448427,"changes":[["buy","3.34600000","510.00000000"]]},"module":"linear"}
1704643990.382338: {"channel":"depth","timestamp":1704643990291,"data":{"type":"update","instrument_id":"NEAR-USDT-PERPETUAL","sequence":1702545259448429,"prev_sequence":1702545259448428,"changes":[["buy","3.34600000","1670.00000000"]]},"module":"linear"}
1704643990.382358: {"channel":"depth","timestamp":1704643990291,"data":{"type":"update","instrument_id":"NEAR-USDT-PERPETUAL","sequence":1702545259448430,"prev_sequence":1702545259448429,"changes":[["sell","3.36200000","420.00000000"]]},"module":"linear"}
1704643990.382378: {"channel":"depth","timestamp":1704643990291,"data":{"type":"update","instrument_id":"NEAR-USDT-PERPETUAL","sequence":1702545259448431,"prev_sequence":1702545259448430,"changes":[["sell","3.36200000","620.00000000"]]},"module":"linear"}
1704643990.382397: {"channel":"depth","timestamp":1704643990291,"data":{"type":"update","instrument_id":"NEAR-USDT-PERPETUAL","sequence":1702545259448432,"prev_sequence":1702545259448431,"changes":[["buy","3.34500000","0.00000000"]]},"module":"linear"}
1704643990.382417: {"channel":"depth","timestamp":1704643990291,"data":{"type":"update","instrument_id":"NEAR-USDT-PERPETUAL","sequence":1702545259448433,"prev_sequence":1702545259448432,"changes":[["buy","3.34500000","220.00000000"]]},"module":"linear"}
1704643990.382445: {"channel":"depth","timestamp":1704643990291,"data":{"type":"update","instrument_id":"NEAR-USDT-PERPETUAL","sequence":1702545259448434,"prev_sequence":1702545259448433,"changes":[["sell","3.36200000","430.00000000"]]},"module":"linear"}
1704643990.382464: {"channel":"depth","timestamp":1704643990291,"data":{"type":"update","instrument_id":"NEAR-USDT-PERPETUAL","sequence":1702545259448435,"prev_sequence":1702545259448434,"changes":[["sell","3.36300000","190.00000000"]]},"module":"linear"}
1704643990.382483: {"channel":"depth","timestamp":1704643990291,"data":{"type":"update","instrument_id":"NEAR-USDT-PERPETUAL","sequence":1702545259448436,"prev_sequence":1702545259448435,"changes":[["buy","3.34400000","0.00000000"]]},"module":"linear"}
1704643990.3825028: {"channel":"depth","timestamp":1704643990291,"data":{"type":"update","instrument_id":"NEAR-USDT-PERPETUAL","sequence":1702545259448437,"prev_sequence":1702545259448436,"changes":[["buy","3.34400000","220.00000000"]]},"module":"linear"}
1704643990.382522: {"channel":"depth","timestamp":1704643990291,"data":{"type":"update","instrument_id":"NEAR-USDT-PERPETUAL","sequence":1702545259448438,"prev_sequence":1702545259448437,"changes":[["sell","3.36200000","200.00000000"]]},"module":"linear"}
1704643990.382541: {"channel":"depth","timestamp":1704643990291,"data":{"type":"update","instrument_id":"NEAR-USDT-PERPETUAL","sequence":1702545259448439,"prev_sequence":1702545259448438,"changes":[["sell","3.36400000","190.00000000"]]},"module":"linear"}
1704643990.38256: {"channel":"depth","timestamp":1704643990291,"data":{"type":"update","instrument_id":"NEAR-USDT-PERPETUAL","sequence":1702545259448440,"prev_sequence":1702545259448439,"changes":[["buy","3.34000000","0.00000000"]]},"module":"linear"}
1704643990.3825788: {"channel":"depth","timestamp":1704643990291,"data":{"type":"update","instrument_id":"NEAR-USDT-PERPETUAL","sequence":1702545259448441,"prev_sequence":1702545259448440,"changes":[["buy","3.34200000","200.00000000"]]},"module":"linear"}
1704643990.418577: {"channel":"ticker","timestamp":1704643990329,"data":{"ask_sigma":"","best_ask":"3.35600000","best_ask_qty":"110.00000000","best_bid":"3.34800000","best_bid_qty":"380.00000000","bid_sigma":"","display_name":"NEAR-USDT-PERPETUAL","funding_rate":"0.00010000","funding_rate8h":"0.00008331","high24h":"3.69800000","index_price":"3.35175000","instrument_id":"NEAR-USDT-PERPETUAL","last_price":"3.35300000","last_qty":"760.00000000","low24h":"3.32400000","mark_price":"3.35126066","max_buy":"3.45200000","min_sell":"3.25000000","open24h":"3.47500000","open_interest":"144104.07000000","price_change24h":"-0.03510791","time":1704643990329,"volume24h":"789510.00000000","volume_usd24h":"2749913.42000000"},"module":"linear"}
1704643990.4186418: {"channel":"depth","timestamp":1704643990329,"data":{"type":"update","instrument_id":"NEAR-USDT-PERPETUAL","sequence":1702545259448442,"prev_sequence":1702545259448441,"changes":[["sell","3.36500000","0.00000000"]]},"module":"linear"}
1704643990.4186869: {"channel":"depth","timestamp":1704643990329,"data":{"type":"update","instrument_id":"NEAR-USDT-PERPETUAL","sequence":1702545259448443,"prev_sequence":1702545259448442,"changes":[["sell","3.36600000","1150.00000000"]]},"module":"linear"}
1704643990.418723: {"channel":"depth","timestamp":1704643990329,"data":{"type":"update","instrument_id":"NEAR-USDT-PERPETUAL","sequence":1702545259448444,"prev_sequence":1702545259448443,"changes":[["buy","3.33900000","0.00000000"]]},"module":"linear"}
1704643990.418746: {"channel":"depth","timestamp":1704643990329,"data":{"type":"update","instrument_id":"NEAR-USDT-PERPETUAL","sequence":1702545259448445,"prev_sequence":1702545259448444,"changes":[["buy","3.34100000","190.00000000"]]},"module":"linear"}
1704643990.4187672: {"channel":"depth","timestamp":1704643990329,"data":{"type":"update","instrument_id":"NEAR-USDT-PERPETUAL","sequence":1702545259448446,"prev_sequence":1702545259448445,"changes":[["sell","3.36700000","0.00000000"]]},"module":"linear"}
1704643990.418787: {"channel":"depth","timestamp":1704643990329,"data":{"type":"update","instrument_id":"NEAR-USDT-PERPETUAL","sequence":1702545259448447,"prev_sequence":1702545259448446,"changes":[["sell","3.36800000","660.00000000"]]},"module":"linear"}
1704643990.418807: {"channel":"depth","timestamp":1704643990329,"data":{"type":"update","instrument_id":"NEAR-USDT-PERPETUAL","sequence":1702545259448448,"prev_sequence":1702545259448447,"changes":[["buy","3.33700000","0.00000000"]]},"module":"linear"}
1704643990.4188428: {"channel":"depth","timestamp":1704643990329,"data":{"type":"update","instrument_id":"NEAR-USDT-PERPETUAL","sequence":1702545259448449,"prev_sequence":1702545259448448,"changes":[["buy","3.33900000","1160.00000000"]]},"module":"linear"}
1704643990.418863: {"channel":"depth","timestamp":1704643990329,"data":{"type":"update","instrument_id":"NEAR-USDT-PERPETUAL","sequence":1702545259448450,"prev_sequence":1702545259448449,"changes":[["sell","3.36900000","0.00000000"]]},"module":"linear"}
1704643990.418883: {"channel":"depth","timestamp":1704643990329,"data":{"type":"update","instrument_id":"NEAR-USDT-PERPETUAL","sequence":1702545259448451,"prev_sequence":1702545259448450,"changes":[["sell","3.37000000","1170.00000000"]]},"module":"linear"}
1704643990.418902: {"channel":"depth","timestamp":1704643990329,"data":{"type":"update","instrument_id":"NEAR-USDT-PERPETUAL","sequence":1702545259448452,"prev_sequence":1702545259448451,"changes":[["buy","3.33500000","0.00000000"]]},"module":"linear"}
1704643990.418921: {"channel":"depth","timestamp":1704643990329,"data":{"type":"update","instrument_id":"NEAR-USDT-PERPETUAL","sequence":1702545259448453,"prev_sequence":1702545259448452,"changes":[["buy","3.33700000","930.00000000"]]},"module":"linear"}
1704643990.4189398: {"channel":"depth","timestamp":1704643990329,"data":{"type":"update","instrument_id":"NEAR-USDT-PERPETUAL","sequence":1702545259448454,"prev_sequence":1702545259448453,"changes":[["buy","3.33300000","0.00000000"]]},"module":"linear"}
1704643990.4189591: {"channel":"depth","timestamp":1704643990329,"data":{"type":"update","instrument_id":"NEAR-USDT-PERPETUAL","sequence":1702545259448455,"prev_sequence":1702545259448454,"changes":[["buy","3.33500000","1150.00000000"]]},"module":"linear"}
1704643990.5174952: {"channel":"ticker","timestamp":1704643990429,"data":{"ask_sigma":"","best_ask":"3.35600000","best_ask_qty":"110.00000000","best_bid":"3.34800000","best_bid_qty":"380.00000000","bid_sigma":"","display_name":"NEAR-USDT-PERPETUAL","funding_rate":"0.00010000","funding_rate8h":"0.00008331","high24h":"3.69800000","index_price":"3.35217500","instrument_id":"NEAR-USDT-PERPETUAL","last_price":"3.35300000","last_qty":"760.00000000","low24h":"3.32400000","mark_price":"3.35172630","max_buy":"3.45300000","min_sell":"3.25100000","open24h":"3.47500000","open_interest":"144104.07000000","price_change24h":"-0.03510791","time":1704643990429,"volume24h":"789510.00000000","volume_usd24h":"2749913.42000000"},"module":"linear"}
1704643991.5185761: {"channel":"ticker","timestamp":1704643991429,"data":{"ask_sigma":"","best_ask":"3.35600000","best_ask_qty":"110.00000000","best_bid":"3.34800000","best_bid_qty":"380.00000000","bid_sigma":"","display_name":"NEAR-USDT-PERPETUAL","funding_rate":"0.00010000","funding_rate8h":"0.00008331","high24h":"3.69800000","index_price":"3.35224167","instrument_id":"NEAR-USDT-PERPETUAL","last_price":"3.35300000","last_qty":"760.00000000","low24h":"3.32400000","mark_price":"3.35182669","max_buy":"3.45300000","min_sell":"3.25100000","open24h":"3.47500000","open_interest":"144104.07000000","price_change24h":"-0.03510791","time":1704643991429,"volume24h":"789510.00000000","volume_usd24h":"2749913.42000000"},"module":"linear"}
1704643991.829976: {"channel":"depth","timestamp":1704643991713,"data":{"type":"update","instrument_id":"NEAR-USDT-PERPETUAL","sequence":1702545259448456,"prev_sequence":1702545259448455,"changes":[["sell","3.35700000","0.00000000"]]},"module":"linear"}
1704643991.830078: {"channel":"depth","timestamp":1704643991713,"data":{"type":"update","instrument_id":"NEAR-USDT-PERPETUAL","sequence":1702545259448457,"prev_sequence":1702545259448456,"changes":[["sell","3.35600000","510.00000000"]]},"module":"linear"}
1704643991.8301098: {"channel":"depth","timestamp":1704643991713,"data":{"type":"update","instrument_id":"NEAR-USDT-PERPETUAL","sequence":1702545259448458,"prev_sequence":1702545259448457,"changes":[["buy","3.34800000","0.00000000"]]},"module":"linear"}
1704643991.830135: {"channel":"depth","timestamp":1704643991713,"data":{"type":"update","instrument_id":"NEAR-USDT-PERPETUAL","sequence":1702545259448459,"prev_sequence":1702545259448458,"changes":[["buy","3.34700000","490.00000000"]]},"module":"linear"}
1704643991.830157: {"channel":"depth","timestamp":1704643991713,"data":{"type":"update","instrument_id":"NEAR-USDT-PERPETUAL","sequence":1702545259448460,"prev_sequence":1702545259448459,"changes":[["sell","3.35900000","0.00000000"]]},"module":"linear"}
1704643991.830178: {"channel":"depth","timestamp":1704643991713,"data":{"type":"update","instrument_id":"NEAR-USDT-PERPETUAL","sequence":1702545259448461,"prev_sequence":1702545259448460,"changes":[["sell","3.35800000","1690.00000000"]]},"module":"linear"}
1704643991.8302011: {"channel":"depth","timestamp":1704643991713,"data":{"type":"update","instrument_id":"NEAR-USDT-PERPETUAL","sequence":1702545259448462,"prev_sequence":1702545259448461,"changes":[["buy","3.34600000","510.00000000"]]},"module":"linear"}
1704643991.830221: {"channel":"depth","timestamp":1704643991713,"data":{"type":"update","instrument_id":"NEAR-USDT-PERPETUAL","sequence":1702545259448463,"prev_sequence":1702545259448462,"changes":[["buy","3.34500000","1410.00000000"]]},"module":"linear"}
1704643991.830241: {"channel":"depth","timestamp":1704643991713,"data":{"type":"update","instrument_id":"NEAR-USDT-PERPETUAL","sequence":1702545259448464,"prev_sequence":1702545259448463,"changes":[["sell","3.36000000","0.00000000"]]},"module":"linear"}
1704643991.830261: {"channel":"depth","timestamp":1704643991713,"data":{"type":"update","instrument_id":"NEAR-USDT-PERPETUAL","sequence":1702545259448465,"prev_sequence":1702545259448464,"changes":[["sell","3.35900000","200.00000000"]]},"module":"linear"}
1704643991.8302798: {"channel":"depth","timestamp":1704643991713,"data":{"type":"update","instrument_id":"NEAR-USDT-PERPETUAL","sequence":1702545259448466,"prev_sequence":1702545259448465,"changes":[["buy","3.34500000","1190.00000000"]]},"module":"linear"}
1704643991.8303099: {"channel":"depth","timestamp":1704643991713,"data":{"type":"update","instrument_id":"NEAR-USDT-PERPETUAL","sequence":1702545259448467,"prev_sequence":1702545259448466,"changes":[["buy","3.34400000","450.00000000"]]},"module":"linear"}
1704643991.830339: {"channel":"depth","timestamp":1704643991713,"data":{"type":"update","instrument_id":"NEAR-USDT-PERPETUAL","sequence":1702545259448468,"prev_sequence":1702545259448467,"changes":[["sell","3.36100000","0.00000000"]]},"module":"linear"}
1704643991.830358: {"channel":"depth","timestamp":1704643991713,"data":{"type":"update","instrument_id":"NEAR-USDT-PERPETUAL","sequence":1702545259448469,"prev_sequence":1702545259448468,"changes":[["sell","3.36000000","210.00000000"]]},"module":"linear"}
1704643991.8303812: {"channel":"depth","timestamp":1704643991713,"data":{"type":"update","instrument_id":"NEAR-USDT-PERPETUAL","sequence":1702545259448470,"prev_sequence":1702545259448469,"changes":[["buy","3.34400000","230.00000000"]]},"module":"linear"}
1704643991.830401: {"channel":"depth","timestamp":1704643991713,"data":{"type":"update","instrument_id":"NEAR-USDT-PERPETUAL","sequence":1702545259448471,"prev_sequence":1702545259448470,"changes":[["buy","3.34300000","430.00000000"]]},"module":"linear"}
1704643991.83042: {"channel":"depth","timestamp":1704643991713,"data":{"type":"update","instrument_id":"NEAR-USDT-PERPETUAL","sequence":1702545259448472,"prev_sequence":1702545259448471,"changes":[["sell","3.36200000","0.00000000"]]},"module":"linear"}
1704643991.8304389: {"channel":"depth","timestamp":1704643991714,"data":{"type":"update","instrument_id":"NEAR-USDT-PERPETUAL","sequence":1702545259448473,"prev_sequence":1702545259448472,"changes":[["sell","3.36100000","230.00000000"]]},"module":"linear"}
1704643991.8304582: {"channel":"depth","timestamp":1704643991714,"data":{"type":"update","instrument_id":"NEAR-USDT-PERPETUAL","sequence":1702545259448474,"prev_sequence":1702545259448473,"changes":[["buy","3.34300000","230.00000000"]]},"module":"linear"}
1704643991.830477: {"channel":"depth","timestamp":1704643991714,"data":{"type":"update","instrument_id":"NEAR-USDT-PERPETUAL","sequence":1702545259448475,"prev_sequence":1702545259448474,"changes":[["buy","3.34200000","390.00000000"]]},"module":"linear"}
1704643991.830496: {"channel":"ticker","timestamp":1704643991729,"data":{"ask_sigma":"","best_ask":"3.35600000","best_ask_qty":"510.00000000","best_bid":"3.34700000","best_bid_qty":"490.00000000","bid_sigma":"","display_name":"NEAR-USDT-PERPETUAL","funding_rate":"0.00010000","funding_rate8h":"0.00008331","high24h":"3.69800000","index_price":"3.35224167","instrument_id":"NEAR-USDT-PERPETUAL","last_price":"3.35300000","last_qty":"760.00000000","low24h":"3.32400000","mark_price":"3.35182669","max_buy":"3.45300000","min_sell":"3.25100000","open24h":"3.47500000","open_interest":"144104.07000000","price_change24h":"-0.03510791","time":1704643991729,"volume24h":"789510.00000000","volume_usd24h":"2749913.42000000"},"module":"linear"}
1704643992.592505: {"channel":"ticker","timestamp":1704643992429,"data":{"ask_sigma":"","best_ask":"3.35600000","best_ask_qty":"510.00000000","best_bid":"3.34700000","best_bid_qty":"490.00000000","bid_sigma":"","display_name":"NEAR-USDT-PERPETUAL","funding_rate":"0.00010000","funding_rate8h":"0.00008331","high24h":"3.69800000","index_price":"3.35171667","instrument_id":"NEAR-USDT-PERPETUAL","last_price":"3.35300000","last_qty":"760.00000000","low24h":"3.32400000","mark_price":"3.35131448","max_buy":"3.45200000","min_sell":"3.25000000","open24h":"3.47500000","open_interest":"144104.07000000","price_change24h":"-0.03510791","time":1704643992429,"volume24h":"789510.00000000","volume_usd24h":"2749913.42000000"},"module":"linear"}
1704643992.8500211: {"channel":"depth","timestamp":1704643992698,"data":{"type":"update","instrument_id":"NEAR-USDT-PERPETUAL","sequence":1702545259448476,"prev_sequence":1702545259448475,"changes":[["sell","3.35600000","110.00000000"]]},"module":"linear"}
1704643992.850105: {"channel":"depth","timestamp":1704643992698,"data":{"type":"update","instrument_id":"NEAR-USDT-PERPETUAL","sequence":1702545259448477,"prev_sequence":1702545259448476,"changes":[["sell","3.35500000","380.00000000"]]},"module":"linear"}
1704643992.850137: {"channel":"depth","timestamp":1704643992698,"data":{"type":"update","instrument_id":"NEAR-USDT-PERPETUAL","sequence":1702545259448478,"prev_sequence":1702545259448477,"changes":[["buy","3.34700000","110.00000000"]]},"module":"linear"}
1704643992.8501601: {"channel":"depth","timestamp":1704643992698,"data":{"type":"update","instrument_id":"NEAR-USDT-PERPETUAL","sequence":1702545259448479,"prev_sequence":1702545259448478,"changes":[["buy","3.34600000","920.00000000"]]},"module":"linear"}
1704643992.8501818: {"channel":"depth","timestamp":1704643992698,"data":{"type":"update","instrument_id":"NEAR-USDT-PERPETUAL","sequence":1702545259448480,"prev_sequence":1702545259448479,"changes":[["sell","3.35800000","510.00000000"]]},"module":"linear"}
1704643992.850202: {"channel":"depth","timestamp":1704643992698,"data":{"type":"update","instrument_id":"NEAR-USDT-PERPETUAL","sequence":1702545259448481,"prev_sequence":1702545259448480,"changes":[["sell","3.35700000","1150.00000000"]]},"module":"linear"}
1704643992.850222: {"channel":"depth","timestamp":1704643992698,"data":{"type":"update","instrument_id":"NEAR-USDT-PERPETUAL","sequence":1702545259448482,"prev_sequence":1702545259448481,"changes":[["buy","3.34500000","0.00000000"]]},"module":"linear"}
1704643992.850243: {"channel":"depth","timestamp":1704643992698,"data":{"type":"update","instrument_id":"NEAR-USDT-PERPETUAL","sequence":1702545259448483,"prev_sequence":1702545259448482,"changes":[["buy","3.34400000","1380.00000000"]]},"module":"linear"}
1704643992.850262: {"channel":"depth","timestamp":1704643992698,"data":{"type":"update","instrument_id":"NEAR-USDT-PERPETUAL","sequence":1702545259448484,"prev_sequence":1702545259448483,"changes":[["sell","3.35900000","0.00000000"]]},"module":"linear"}
1704643992.850282: {"channel":"depth","timestamp":1704643992698,"data":{"type":"update","instrument_id":"NEAR-USDT-PERPETUAL","sequence":1702545259448485,"prev_sequence":1702545259448484,"changes":[["sell","3.35800000","730.00000000"]]},"module":"linear"}
1704643992.850301: {"channel":"depth","timestamp":1704643992698,"data":{"type":"update","instrument_id":"NEAR-USDT-PERPETUAL","sequence":1702545259448486,"prev_sequence":1702545259448485,"changes":[["buy","3.34400000","1150.00000000"]]},"module":"linear"}
1704643992.850327: {"channel":"depth","timestamp":1704643992698,"data":{"type":"update","instrument_id":"NEAR-USDT-PERPETUAL","sequence":1702545259448487,"prev_sequence":1702545259448486,"changes":[["buy","3.34300000","420.00000000"]]},"module":"linear"}
1704643992.850345: {"channel":"depth","timestamp":1704643992698,"data":{"type":"update","instrument_id":"NEAR-USDT-PERPETUAL","sequence":1702545259448488,"prev_sequence":1702545259448487,"changes":[["sell","3.36000000","0.00000000"]]},"module":"linear"}
1704643992.850365: {"channel":"depth","timestamp":1704643992698,"data":{"type":"update","instrument_id":"NEAR-USDT-PERPETUAL","sequence":1702545259448489,"prev_sequence":1702545259448488,"changes":[["sell","3.35900000","220.00000000"]]},"module":"linear"}
1704643992.850383: {"channel":"depth","timestamp":1704643992698,"data":{"type":"update","instrument_id":"NEAR-USDT-PERPETUAL","sequence":1702545259448490,"prev_sequence":1702545259448489,"changes":[["buy","3.34300000","190.00000000"]]},"module":"linear"}
1704643992.850402: {"channel":"depth","timestamp":1704643992698,"data":{"type":"update","instrument_id":"NEAR-USDT-PERPETUAL","sequence":1702545259448491,"prev_sequence":1702545259448490,"changes":[["buy","3.34200000","610.00000000"]]},"module":"linear"}
1704643992.85042: {"channel":"depth","timestamp":1704643992698,"data":{"type":"update","instrument_id":"NEAR-USDT-PERPETUAL","sequence":1702545259448492,"prev_sequence":1702545259448491,"changes":[["sell","3.36100000","0.00000000"]]},"module":"linear"}
1704643992.8504388: {"channel":"depth","timestamp":1704643992698,"data":{"type":"update","instrument_id":"NEAR-USDT-PERPETUAL","sequence":1702545259448493,"prev_sequence":1702545259448492,"changes":[["sell","3.36000000","220.00000000"]]},"module":"linear"}
1704643992.8504572: {"channel":"depth","timestamp":1704643992699,"data":{"type":"update","instrument_id":"NEAR-USDT-PERPETUAL","sequence":1702545259448494,"prev_sequence":1702545259448493,"changes":[["buy","3.34200000","420.00000000"]]},"module":"linear"}
1704643992.850476: {"channel":"depth","timestamp":1704643992699,"data":{"type":"update","instrument_id":"NEAR-USDT-PERPETUAL","sequence":1702545259448495,"prev_sequence":1702545259448494,"changes":[["buy","3.34100000","380.00000000"]]},"module":"linear"}
1704643992.850494: {"channel":"ticker","timestamp":1704643992729,"data":{"ask_sigma":"","best_ask":"3.35500000","best_ask_qty":"380.00000000","best_bid":"3.34700000","best_bid_qty":"110.00000000","bid_sigma":"","display_name":"NEAR-USDT-PERPETUAL","funding_rate":"0.00010000","funding_rate8h":"0.00008331","high24h":"3.69800000","index_price":"3.35171667","instrument_id":"NEAR-USDT-PERPETUAL","last_price":"3.35300000","last_qty":"760.00000000","low24h":"3.32400000","mark_price":"3.35131448","max_buy":"3.45200000","min_sell":"3.25000000","open24h":"3.47500000","open_interest":"144104.07000000","price_change24h":"-0.03510791","time":1704643992729,"volume24h":"789510.00000000","volume_usd24h":"2749913.42000000"},"module":"linear"}
1704643992.850525: {"channel":"depth","timestamp":1704643992755,"data":{"type":"update","instrument_id":"NEAR-USDT-PERPETUAL","sequence":1702545259448496,"prev_sequence":1702545259448495,"changes":[["sell","3.36300000","0.00000000"]]},"module":"linear"}
1704643992.851072: {"channel":"depth","timestamp":1704643992755,"data":{"type":"update","instrument_id":"NEAR-USDT-PERPETUAL","sequence":1702545259448497,"prev_sequence":1702545259448496,"changes":[["sell","3.36100000","230.00000000"]]},"module":"linear"}
1704643992.851112: {"channel":"depth","timestamp":1704643992755,"data":{"type":"update","instrument_id":"NEAR-USDT-PERPETUAL","sequence":1702545259448498,"prev_sequence":1702545259448497,"changes":[["buy","3.34200000","220.00000000"]]},"module":"linear"}
1704643992.85114: {"channel":"depth","timestamp":1704643992755,"data":{"type":"update","instrument_id":"NEAR-USDT-PERPETUAL","sequence":1702545259448499,"prev_sequence":1702545259448498,"changes":[["buy","3.34000000","220.00000000"]]},"module":"linear"}
1704643992.851163: {"channel":"depth","timestamp":1704643992755,"data":{"type":"update","instrument_id":"NEAR-USDT-PERPETUAL","sequence":1702545259448500,"prev_sequence":1702545259448499,"changes":[["sell","3.36400000","0.00000000"]]},"module":"linear"}
1704643992.8511841: {"channel":"depth","timestamp":1704643992755,"data":{"type":"update","instrument_id":"NEAR-USDT-PERPETUAL","sequence":1702545259448501,"prev_sequence":1702545259448500,"changes":[["sell","3.36200000","200.00000000"]]},"module":"linear"}
1704643992.851205: {"channel":"depth","timestamp":1704643992755,"data":{"type":"update","instrument_id":"NEAR-USDT-PERPETUAL","sequence":1702545259448502,"prev_sequence":1702545259448501,"changes":[["buy","3.34100000","190.00000000"]]},"module":"linear"}
1704643992.8512251: {"channel":"depth","timestamp":1704643992755,"data":{"type":"update","instrument_id":"NEAR-USDT-PERPETUAL","sequence":1702545259448503,"prev_sequence":1702545259448502,"changes":[["buy","3.33900000","1380.00000000"]]},"module":"linear"}
1704643992.851244: {"channel":"depth","timestamp":1704643992755,"data":{"type":"update","instrument_id":"NEAR-USDT-PERPETUAL","sequence":1702545259448504,"prev_sequence":1702545259448503,"changes":[["sell","3.36600000","0.00000000"]]},"module":"linear"}
1704643992.851264: {"channel":"depth","timestamp":1704643992755,"data":{"type":"update","instrument_id":"NEAR-USDT-PERPETUAL","sequence":1702545259448505,"prev_sequence":1702545259448504,"changes":[["sell","3.36400000","730.00000000"]]},"module":"linear"}
1704643992.8512828: {"channel":"depth","timestamp":1704643992755,"data":{"type":"update","instrument_id":"NEAR-USDT-PERPETUAL","sequence":1702545259448506,"prev_sequence":1702545259448505,"changes":[["buy","3.33900000","220.00000000"]]},"module":"linear"}
1704643992.8513029: {"channel":"depth","timestamp":1704643992755,"data":{"type":"update","instrument_id":"NEAR-USDT-PERPETUAL","sequence":1702545259448507,"prev_sequence":1702545259448506,"changes":[["buy","3.33700000","2050.00000000"]]},"module":"linear"}
1704643992.8513222: {"channel":"depth","timestamp":1704643992755,"data":{"type":"update","instrument_id":"NEAR-USDT-PERPETUAL","sequence":1702545259448508,"prev_sequence":1702545259448507,"changes":[["sell","3.36800000","0.00000000"]]},"module":"linear"}
1704643992.851342: {"channel":"depth","timestamp":1704643992755,"data":{"type":"update","instrument_id":"NEAR-USDT-PERPETUAL","sequence":1702545259448509,"prev_sequence":1702545259448508,"changes":[["sell","3.36600000","1160.00000000"]]},"module":"linear"}
1704643992.851362: {"channel":"depth","timestamp":1704643992755,"data":{"type":"update","instrument_id":"NEAR-USDT-PERPETUAL","sequence":1702545259448510,"prev_sequence":1702545259448509,"changes":[["buy","3.33700000","1120.00000000"]]},"module":"linear"}
1704643992.8513799: {"channel":"depth","timestamp":1704643992755,"data":{"type":"update","instrument_id":"NEAR-USDT-PERPETUAL","sequence":1702545259448511,"prev_sequence":1702545259448510,"changes":[["buy","3.33500000","2330.00000000"]]},"module":"linear"}
1704643992.851399: {"channel":"depth","timestamp":1704643992755,"data":{"type":"update","instrument_id":"NEAR-USDT-PERPETUAL","sequence":1702545259448512,"prev_sequence":1702545259448511,"changes":[["sell","3.37000000","0.00000000"]]},"module":"linear"}
1704643992.851419: {"channel":"depth","timestamp":1704643992755,"data":{"type":"update","instrument_id":"NEAR-USDT-PERPETUAL","sequence":1702545259448513,"prev_sequence":1702545259448512,"changes":[["sell","3.36800000","740.00000000"]]},"module":"linear"}
1704643992.851438: {"channel":"depth","timestamp":1704643992755,"data":{"type":"update","instrument_id":"NEAR-USDT-PERPETUAL","sequence":1702545259448514,"prev_sequence":1702545259448513,"changes":[["buy","3.33500000","1180.00000000"]]},"module":"linear"}
1704643992.851456: {"channel":"depth","timestamp":1704643992755,"data":{"type":"update","instrument_id":"NEAR-USDT-PERPETUAL","sequence":1702545259448515,"prev_sequence":1702545259448514,"changes":[["buy","3.33300000","1130.00000000"]]},"module":"linear"}
1704643993.573408: {"channel":"ticker","timestamp":1704643993429,"data":{"ask_sigma":"","best_ask":"3.35500000","best_ask_qty":"380.00000000","best_bid":"3.34700000","best_bid_qty":"110.00000000","bid_sigma":"","display_name":"NEAR-USDT-PERPETUAL","funding_rate":"0.00010000","funding_rate8h":"0.00008331","high24h":"3.69800000","index_price":"3.35090833","instrument_id":"NEAR-USDT-PERPETUAL","last_price":"3.35300000","last_qty":"760.00000000","low24h":"3.32400000","mark_price":"3.35051764","max_buy":"3.45200000","min_sell":"3.25000000","open24h":"3.47500000","open_interest":"144104.07000000","price_change24h":"-0.03510791","time":1704643993429,"volume24h":"789510.00000000","volume_usd24h":"2749913.42000000"},"module":"linear"}
1704643994.015693: {"channel":"depth","timestamp":1704643993926,"data":{"type":"update","instrument_id":"NEAR-USDT-PERPETUAL","sequence":1702545259448516,"prev_sequence":1702545259448515,"changes":[["sell","3.35500000","0.00000000"]]},"module":"linear"}
1704643994.015767: {"channel":"depth","timestamp":1704643993926,"data":{"type":"update","instrument_id":"NEAR-USDT-PERPETUAL","sequence":1702545259448517,"prev_sequence":1702545259448516,"changes":[["sell","3.35500000","380.00000000"]]},"module":"linear"}
1704643994.0158029: {"channel":"depth","timestamp":1704643993926,"data":{"type":"update","instrument_id":"NEAR-USDT-PERPETUAL","sequence":1702545259448518,"prev_sequence":1702545259448517,"changes":[["buy","3.34600000","510.00000000"]]},"module":"linear"}
1704643994.015829: {"channel":"depth","timestamp":1704643993926,"data":{"type":"update","instrument_id":"NEAR-USDT-PERPETUAL","sequence":1702545259448519,"prev_sequence":1702545259448518,"changes":[["buy","3.34600000","900.00000000"]]},"module":"linear"}
1704643994.015852: {"channel":"depth","timestamp":1704643993926,"data":{"type":"update","instrument_id":"NEAR-USDT-PERPETUAL","sequence":1702545259448520,"prev_sequence":1702545259448519,"changes":[["sell","3.35800000","510.00000000"]]},"module":"linear"}
1704643994.015873: {"channel":"depth","timestamp":1704643993926,"data":{"type":"update","instrument_id":"NEAR-USDT-PERPETUAL","sequence":1702545259448521,"prev_sequence":1702545259448520,"changes":[["sell","3.35800000","720.00000000"]]},"module":"linear"}
1704643994.015894: {"channel":"depth","timestamp":1704643993926,"data":{"type":"update","instrument_id":"NEAR-USDT-PERPETUAL","sequence":1702545259448522,"prev_sequence":1702545259448521,"changes":[["buy","3.34400000","0.00000000"]]},"module":"linear"}
1704643994.015915: {"channel":"depth","timestamp":1704643993926,"data":{"type":"update","instrument_id":"NEAR-USDT-PERPETUAL","sequence":1702545259448523,"prev_sequence":1702545259448522,"changes":[["buy","3.34400000","1170.00000000"]]},"module":"linear"}
