wss://bitmax.io/0/api/pro/v1/stream <-> 1618677608.08947
wss://bitmax.io/0/api/pro/v1/stream <- 1618677608.9205272: {"op":"sub","ch":"depth:ZIG/USDT,DIVI/USDT,XDAI/USDT,NEO/USDT,ROOM/USDT,EGLD/USDT,SRM/BTC,CHZ/USDT,ALTBULL/USDT,CHR/USDT"}
wss://bitmax.io/0/api/pro/v1/stream <- 1618677608.9206479: {"op":"sub","ch":"trades:ZIG/USDT,DIVI/USDT,XDAI/USDT,NEO/USDT,ROOM/USDT,EGLD/USDT,SRM/BTC,CHZ/USDT,ALTBULL/USDT,CHR/USDT"}
wss://bitmax.io/0/api/pro/v1/stream <- 1618677608.9206982: {"op":"req","action":"depth-snapshot","args":{"symbol":"ZIG/USDT"}}
wss://bitmax.io/0/api/pro/v1/stream <- 1618677608.9207418: {"op":"req","action":"depth-snapshot","args":{"symbol":"DIVI/USDT"}}
wss://bitmax.io/0/api/pro/v1/stream <- 1618677608.92078: {"op":"req","action":"depth-snapshot","args":{"symbol":"XDAI/USDT"}}
wss://bitmax.io/0/api/pro/v1/stream <- 1618677608.920815: {"op":"req","action":"depth-snapshot","args":{"symbol":"NEO/USDT"}}
wss://bitmax.io/0/api/pro/v1/stream <- 1618677608.920848: {"op":"req","action":"depth-snapshot","args":{"symbol":"ROOM/USDT"}}
wss://bitmax.io/0/api/pro/v1/stream <- 1618677608.9208808: {"op":"req","action":"depth-snapshot","args":{"symbol":"EGLD/USDT"}}
wss://bitmax.io/0/api/pro/v1/stream <- 1618677608.920915: {"op":"req","action":"depth-snapshot","args":{"symbol":"SRM/BTC"}}
wss://bitmax.io/0/api/pro/v1/stream <- 1618677608.9209468: {"op":"req","action":"depth-snapshot","args":{"symbol":"CHZ/USDT"}}
wss://bitmax.io/0/api/pro/v1/stream <- 1618677608.920979: {"op":"req","action":"depth-snapshot","args":{"symbol":"ALTBULL/USDT"}}
wss://bitmax.io/0/api/pro/v1/stream <- 1618677608.921012: {"op":"req","action":"depth-snapshot","args":{"symbol":"CHR/USDT"}}
1618677608.921396: {"m":"connected","type":"unauth"}
1618677609.125342: {"m":"sub","ch":"depth:DIVI/USDT","code":0}
1618677609.125385: {"m":"sub","ch":"depth:ZIG/USDT","code":0}
1618677609.125401: {"m":"sub","ch":"depth:ROOM/USDT","code":0}
1618677609.1254132: {"m":"sub","ch":"depth:XDAI/USDT","code":0}
1618677609.1254241: {"m":"sub","ch":"depth:SRM/BTC","code":0}
1618677609.1254349: {"m":"sub","ch":"depth:EGLD/USDT","code":0}
1618677609.1254458: {"m":"sub","ch":"depth:CHZ/USDT","code":0}
1618677609.1254568: {"m":"sub","ch":"depth:ALTBULL/USDT","code":0}
1618677609.1254668: {"m":"sub","ch":"depth:NEO/USDT","code":0}
1618677609.1254778: {"m":"sub","ch":"depth:CHR/USDT","code":0}
1618677609.125488: {"m":"sub","ch":"trades:ZIG/USDT","code":0}
1618677609.1255062: {"m":"sub","ch":"trades:DIVI/USDT","code":0}
1618677609.125518: {"m":"sub","ch":"trades:XDAI/USDT","code":0}
1618677609.125545: {"m":"sub","ch":"trades:EGLD/USDT","code":0}
1618677609.125551: {"m":"sub","ch":"trades:NEO/USDT","code":0}
1618677609.125558: {"m":"sub","ch":"trades:ROOM/USDT","code":0}
1618677609.1255648: {"m":"sub","ch":"trades:CHZ/USDT","code":0}
1618677609.1255722: {"m":"sub","ch":"trades:ALTBULL/USDT","code":0}
1618677609.125578: {"m":"sub","ch":"trades:SRM/BTC","code":0}
1618677609.1255848: {"m":"sub","ch":"trades:CHR/USDT","code":0}
1618677609.211448: {"m":"depth","symbol":"CHZ/USDT", "data":{"ts":1618677609116,"seqnum":21034366119,"asks":[["0.629959","5799"],["0.63","0"]],"bids":[]}}
1618677609.211514: {"m":"depth","symbol":"ALTBULL/USDT", "data":{"ts":1618677609095,"seqnum":21031929382,"asks":[["1446.5","0"]],"bids":[]}}
1618677609.211539: {"m":"depth","symbol":"NEO/USDT", "data":{"ts":1618677609086,"seqnum":32164169231,"asks":[["95.134","0"],["95.169","0"],["95.179","10.97"]],"bids":[]}}
1618677609.5508108: {"m":"depth","symbol":"SRM/BTC", "data":{"ts":1618677609250,"seqnum":14844468743,"asks":[["0.000112545","0"],["0.000112582","0"]],"bids":[]}}
1618677609.550872: {"m":"depth","symbol":"ALTBULL/USDT", "data":{"ts":1618677609116,"seqnum":21031929383,"asks":[["1443.2","1.304"]],"bids":[]}}
1618677609.550897: {"m":"depth","symbol":"CHZ/USDT", "data":{"ts":1618677609407,"seqnum":21034366120,"asks":[["0.629959","0"],["0.63018","5798"]],"bids":[]}}
1618677609.5509162: {"m":"depth","symbol":"NEO/USDT", "data":{"ts":1618677609212,"seqnum":32164169232,"asks":[["95.172","11.06"],["95.229","21.95"],["95.335","0"],["95.345","0"],["95.365","1.27"],["95.375","31.63"],["95.385","12.94"],["95.405","12.67"],["95.415","87.86"],["95.445","16.71"],["95.456","81.19"],["95.486","40.64"],["95.496","21.5"],["95.516","32.45"],["95.536","91.42"],["95.556","44.88"],["95.596","22.83"]],"bids":[["94.702","0"],["94.672","223.19"],["94.662","10.61"],["94.652","0"],["94.632","9.57"],["94.622","32.52"],["94.612","26.02"],["94.593","70.2"],["94.573","48.48"],["94.553","48.47"],["94.543","8.97"],["94.513","31.32"],["93.825","17.84"],["93.765","0"],["93.716","0"],["92.868","0.27"]]}}
1618677609.743676: {"m":"depth-snapshot","symbol":"CHZ/USDT", "data":{"ts":1618677609407,"seqnum":21034366120,"asks":[["0.63018","5798"],["0.630348","677"],["0.630349","1651"],["0.636915","600"],["0.636916","2273"],["0.636926","13"],["0.6514","30"],["0.655","8"],["0.655083","5332"],["0.655084","35"],["0.65686","31"],["0.656928","683"],["0.67","91"],["0.686963","327"],["0.68789","880"],["0.69","634"],["0.69111","15"],["0.7","1236"],["0.701169","994"],["0.70705","208"],["0.7225","71"],["0.728024","39"],["0.74","37"],["0.745","71"],["0.75","778"],["0.752113","50"],["0.758705","208"],["0.758907","1171"],["0.759652","76"],["0.76","21"],["0.764557","522"],["0.78","416"],["0.784066","739"],["0.79","902"],["0.795","33"],["0.799999","17"],["0.8","745"],["0.81","160"],["0.815","10"],["0.819","890"],["0.82","4910"],["0.83","66"],["0.84","1038"],["0.841043","19"],["0.84396","1448"],["0.844","3168"],["0.844864","1224"],["0.85","1615"],["0.850215","1000"],["0.855","296"],["0.87","20"],["0.88","7301"],["0.889","446"],["0.889958","1129"],["0.89","49"],["0.898","446"],["0.899","2815"],["0.9","971"],["0.90909","505"],["0.92","324"],["0.922","217"],["0.927777","315"],["0.93","2100"],["0.9341","36"],["0.94","8760"],["0.944551","1700"],["0.95","65564"],["0.96","620"],["0.965229","112"],["0.97","141"],["0.979982","73"],["0.98","1978"],["0.985","51"],["0.987654","110"],["0.98999","4306"],["0.99","20066"],["0.990393","97"],["0.993579","32"],["0.99876","4064"],["0.999971","1501"],["1","4567"],["1.05","1305"],["1.06001","4346"],["1.09999","59"],["1.1","98"],["1.14","311"],["1.198756","1081"],["1.2","4441"],["1.289","33"],["1.29","1059"],["1.3","283"],["1.32","6867"],["1.35","26"],["1.5","1886"],["1.516","20"]],"bids":[["0.624801","10"],["0.6248","5800"],["0.623781","1652"],["0.623293","1659"],["0.62285","1660"],["0.622509","3318"],["0.62246","477"],["0.621639","3308"],["0.615666","677"],["0.615401","2273"],["0.6154","24"],["0.605796","1881"],["0.605795","18122"],["0.601382","8797"],["0.6","429"],["0.59","80"],["0.589","151"],["0.588","2019"],["0.58","1083"],["0.562458","125"],["0.555","2934"],["0.55","51"],["0.546","188"],["0.545","55"],["0.541","490"],["0.519225","67"],["0.5001","27"],["0.5","3530"],["0.45","271"],["0.43552","140"],["0.43","20000"],["0.42","2043"],["0.400001","100"],["0.4","20844"],["0.391","512"],["0.36774","47"],["0.36","193"],["0.3486","100"],["0.34","685"],["0.33774","54"],["0.31774","38"],["0.25201","100"]]}}
1618677609.775264: {"m":"depth-snapshot","symbol":"DIVI/USDT", "data":{"ts":1618677605922,"seqnum":14841863464,"asks":[["0.05912","605"],["0.0593","1071"],["0.05949","1879"],["0.05967","2141"],["0.05985","2143"],["0.06003","596"],["0.06021","3676"],["0.0604","666"],["0.06043","600"],["0.06049","600"],["0.06055","600"],["0.06058","590"],["0.06061","600"],["0.06067","602"],["0.06076","1335"],["0.06094","1288"],["0.06113","6192"],["0.06131","188"],["0.06139","258"],["0.06149","581"],["0.0616","4505"],["0.06167","985"],["0.06186","3471"],["0.06201","245"],["0.06204","1773"],["0.06222","4992"],["0.0624","1695"],["0.06258","24"],["0.06262","949"],["0.06263","8792"],["0.06278","1675"],["0.06297","1270"],["0.06316","859"],["0.06325","582"],["0.06335","2040"],["0.06355","1833"],["0.06366","4889"],["0.06374","1271"],["0.06388","112"],["0.06393","1932"],["0.06412","2203"],["0.06432","956"],["0.06451","2554"],["0.06452","213"],["0.06472","17093"],["0.06517","349"],["0.0658","9442"],["0.06581","445"],["0.06647","433"],["0.06689","3112"],["0.06714","479"],["0.06781","144"],["0.068","20562"],["0.06849","615"],["0.06913","9195"],["0.06918","563"],["0.06987","483"],["0.07","129930"],["0.07028","8262"],["0.07057","232"],["0.0709","1451"],["0.07092","2472"],["0.07093","3296"],["0.07128","100"],["0.07144","10507"],["0.07199","122"],["0.07263","2866"],["0.07271","692"],["0.07344","194"],["0.07383","3454"],["0.07417","591"],["0.07491","561"],["0.075","171"],["0.07506","2773"],["0.07556","1239"],["0.07567","193"],["0.076","143"],["0.07631","9763"],["0.07642","94"],["0.07718","693"],["0.07758","17941"],["0.07796","650"],["0.07874","91"],["0.07887","9010"],["0.07953","761"],["0.08019","6960"],["0.08032","89"],["0.08113","380"],["0.0812","200"],["0.08152","7475"],["0.08194","304"],["0.08288","2511"],["0.08425","5816"],["0.08565","8530"],["0.08707","7185"],["0.08851","8226"],["0.08998","6501"],["0.09","5000"],["0.09148","2275"],["0.09299","2312"],["0.09454","4555"],["0.096","78"],["0.09611","6022"],["0.097","455"],["0.09757","1175"],["0.0977","2130"],["0.099","1000"],["0.09932","2095"],["0.108","150"],["0.1101","24943"],["0.111","125"]],"bids":[["0.05867","4367"],["0.05854","5844"],["0.05847","572"],["0.05836","1991"],["0.05819","610"],["0.05802","1500"],["0.05789","431"],["0.05785","950"],["0.05771","21663"],["0.05768","1091"],["0.05751","747"],["0.05734","1959"],["0.05732","571"],["0.05717","621"],["0.05701","4325"],["0.057","4656"],["0.05683","3067"],["0.05677","8538"],["0.05675","141"],["0.05666","1190"],["0.05649","1195"],["0.05632","1913"],["0.05619","147"],["0.05615","3487"],["0.05598","1466"],["0.05584","11780"],["0.05581","7743"],["0.05564","8579"],["0.05563","364"],["0.05547","1296"],["0.0553","884"],["0.05513","2967"],["0.05508","411"],["0.055","350"],["0.05497","1111"],["0.05493","7194"],["0.05481","2559"],["0.05465","2244"],["0.05453","341"],["0.05449","1476"],["0.05433","2129"],["0.05417","2369"],["0.05403","6955"],["0.05401","997"],["0.05399","306"],["0.05385","1475"],["0.05369","1944"],["0.05346","483"],["0.05315","3791"],["0.05293","910"],["0.05241","252"],["0.05228","15787"],["0.05189","196"],["0.05143","2292"],["0.05138","512"],["0.05087","327"],["0.05059","10127"],["0.05045","327"],["0.05037","201"],["0.05012","10607"],["0.04987","488"],["0.04976","9947"],["0.04938","565"],["0.04895","4117"],["0.04889","465"],["0.04841","718"],["0.04815","6862"],["0.04793","500"],["0.04746","624"],["0.04736","16251"],["0.04699","146"],["0.04659","17586"],["0.04652","1251"],["0.04606","149"],["0.04583","22039"],["0.0456","1069"],["0.04515","1139"],["0.04508","11678"],["0.0447","154"],["0.04434","42682"],["0.04426","317"],["0.04382","922"],["0.04362","21473"],["0.04291","9505"],["0.04221","4774"],["0.04152","4854"],["0.04084","13723"],["0.04017","10381"],["0.03951","5269"],["0.03886","5184"],["0.03823","14812"],["0.03761","18740"],["0.037","16367"],["0.0364","19429"]]}}
1618677609.776782: {"m":"depth-snapshot","symbol":"CHR/USDT", "data":{"ts":1618677607825,"seqnum":45632691677,"asks":[["0.37328","14"],["0.38","10"],["0.39261","2639"],["0.39673","1487"],["0.39992","2811"],["0.40012","1915"],["0.41071","41"],["0.45","275"],["0.47635","1263"],["0.47638","10748"],["0.48431","18905"],["0.493","21176"],["0.498","100"],["0.4985","105"],["0.5","40"],["0.51195","310"],["0.5288","300"],["0.53","58"],["0.54","370"],["0.55","10873"],["0.553","300"],["0.58","373"],["0.5888","300"],["0.59","85"],["0.59726","200"],["0.6","4937"],["0.603","10"],["0.615","320"],["0.62","15"],["0.63","300"],["0.633","100"],["0.63348","101"],["0.6488","400"],["0.65","5425"],["0.67","221"],["0.6721","958"],["0.68","39"],["0.68996","400"],["0.69","21175"],["0.7","96"],["0.783","320"],["0.789","300"],["0.7949","40"],["0.83","234"]],"bids":[["0.37128","2639"],["0.36934","8122"],["0.36933","60"],["0.34533","869"],["0.33313","30"],["0.33","268"],["0.31146","112"],["0.30297","94"],["0.3","40"],["0.26001","4072"],["0.26","178"],["0.24","854"],["0.23101","114"],["0.2","146"],["0.17","174"]]}}
1618677609.7963252: {"m":"depth-snapshot","symbol":"NEO/USDT", "data":{"ts":1618677609212,"seqnum":32164169232,"asks":[["95.135","13.92"],["95.172","11.06"],["95.179","10.97"],["95.186","14.5"],["95.191","10.98"],["95.226","38.39"],["95.229","21.95"],["95.245","14.04"],["95.365","1.27"],["95.375","31.63"],["95.385","12.94"],["95.395","0.41"],["95.405","12.67"],["95.415","87.86"],["95.425","156.16"],["95.435","11.41"],["95.445","16.71"],["95.455","3"],["95.456","81.19"],["95.466","7.87"],["95.486","40.64"],["95.496","21.5"],["95.506","29.31"],["95.516","32.45"],["95.526","6.43"],["95.536","91.42"],["95.556","44.88"],["95.566","33.48"],["95.576","4.98"],["95.578","10.06"],["95.586","25.73"],["95.596","22.83"],["95.606","8.81"],["95.616","6.91"],["95.623","766.22"],["95.626","4.5"],["95.636","4.85"],["95.646","19.86"],["95.656","30"],["95.666","9.88"],["95.676","7.6"],["95.696","4.03"],["95.706","7"],["95.716","4.42"],["95.756","7.41"],["95.766","7.96"],["95.787","4.57"],["95.837","27.77"],["95.847","3.8"],["95.855","57.82"],["95.857","200.85"],["95.867","57.42"],["95.887","17.41"],["95.897","33.03"],["95.907","4.21"],["95.937","77.26"],["95.947","6.32"],["95.957","6.52"],["95.967","19.76"],["95.977","51.99"],["95.997","6.82"],["96.037","4.91"],["96.081","80.24"],["96.368","105.2"],["96.7","5"],["97.383","10.07"],["97.803","118.8"],["98.7","5"],["100.7","5"],["101","0.5"],["102.7","5"],["104.7","5"],["106.7","5"],["108.7","5"],["110.7","5"],["114.999","15"],["123","5"],["125","0.45"],["142","5"],["148","3"],["155.71","1.17"],["158","5"],["180","1"],["186","0.19"]],"bids":[["94.86","10.97"],["94.849","38.39"],["94.836","10.98"],["94.823","11.7"],["94.772","21.96"],["94.713","10.06"],["94.672","223.19"],["94.663","3"],["94.662","10.61"],["94.632","9.57"],["94.622","32.52"],["94.612","26.02"],["94.602","36.5"],["94.593","70.2"],["94.583","11.48"],["94.573","48.48"],["94.563","127.29"],["94.553","48.47"],["94.543","8.97"],["94.533","59.78"],["94.523","57.3"],["94.513","31.32"],["94.443","5.85"],["94.413","1.96"],["94.383","0.11"],["94.373","1.74"],["94.343","5.31"],["94.313","4.9"],["94.263","80.7"],["94.224","241.72"],["94.204","15.02"],["94.174","5.35"],["94.154","58.62"],["94.144","4.45"],["94.074","343.68"],["94.054","2.22"],["94.036","341.68"],["94.014","4.48"],["94.004","1.2"],["93.984","72.24"],["93.964","268.36"],["93.954","0.14"],["93.944","29.24"],["93.915","17.82"],["93.845","0.16"],["93.835","229.61"],["93.825","17.84"],["93.785","9.26"],["93.715","22.5"],["93.706","40.3"],["93.596","68.17"],["93.516","20.45"],["93.486","0.58"],["93.306","0.68"],["93.277","22.78"],["93.267","4.92"],["93.197","1.3"],["93.187","0.13"],["92.868","0.27"],["92.519","10.12"],["89.7","5"],["88.7","5"],["87.7","5"],["86.7","5"],["85.7","5"],["84.7","5"],["83.7","5"],["83","11.4"],["82.7","5"],["82.153","1"],["81.7","5"],["81","11.66"],["80.7","5"],["79.7","5"],["78.7","5"],["77.7","5"],["77","13.42"],["76.7","15"],["75.7","5"],["74.7","5"],["73.7","5"],["72.7","5"],["71.7","5"],["70.7","5"],["69.7","5"],["68.7","5"],["67.7","5"],["65.7","5"],["64.7","10"],["63.7","5"],["62.7","5"],["61.7","5"],["60.7","5"],["45","11.27"],["35","1"],["21.93","0.23"]]}}
1618677609.797868: {"m":"depth","symbol":"CHR/USDT", "data":{"ts":1618677609663,"seqnum":45632691678,"asks":[["0.39261","0"]],"bids":[["0.37128","0"],["0.36934","0"]]}}
1618677609.8039849: {"m":"depth-snapshot","symbol":"XDAI/USDT", "data":{"ts":1618677600091,"seqnum":14842030533,"asks":[["1.0067","1394.5"],["1.0068","361.6"],["1.0086","67"],["1.0088","3903.1"],["1.0089","542.3"],["1.0091","526.4"],["1.0094","542.2"],["1.0095","636.8"],["1.0099","5055"],["1.01","624212.7"],["1.0771","60.6"],["1.1234","15"],["2","12"]],"bids":[["1.0004","15"],["1.0003","100"],["1.0002","1305.4"],["1.0001","1625.9"],["1","34171.9"],["0.99","7.4"],["0.9572","118.8"],["0.9571","96"],["0.957","100"],["0.5101","100"],["0.51","351.3"]]}}
1618677609.8044128: {"m":"depth","symbol":"CHZ/USDT", "data":{"ts":1618677609578,"seqnum":21034366121,"asks":[["0.63018","0"]],"bids":[["0.62285","0"]]}}
1618677609.804478: {"m":"depth","symbol":"SRM/BTC", "data":{"ts":1618677609636,"seqnum":14844468744,"asks":[["0.000112543","154"],["0.000112576","307"]],"bids":[]}}
1618677609.8044941: {"m":"depth","symbol":"NEO/USDT", "data":{"ts":1618677609698,"seqnum":32164169233,"asks":[["95.134","11.06"],["95.172","0"]],"bids":[["94.823","0"],["94.808","11.7"],["93.597","1.15"]]}}
1618677609.813998: {"m":"depth-snapshot","symbol":"ALTBULL/USDT", "data":{"ts":1618677609116,"seqnum":21031929383,"asks":[["1443.2","1.304"],["1443.4","11.183"],["1452.8","49.655"],["1458.6","38.518"],["1476.3","84.937"],["1476.8","71.775"],["1492.9","60.917"],["1513.3","91.846"],["1526.2","107.023"],["1535.5","99.106"],["1541.6","109.899"],["1547.2","87.078"],["1557","111.513"]],"bids":[["1406.1","1.77"],["1404.3","1.334"],["1396.9","9.605"],["1387.7","8.65"],["1377.9","9.963"],["1355.7","0.087"],["1355.6","10.78"],["1347.8","16.82"],["1345.3","9.443"],["1320.1","7.16"],["1318.3","20.858"],["1317.6","18.182"],["1304.5","19.411"],["1288.7","21.853"],["52","6.061"],["51","1.806"],["50","3"],["45","10.648"],["5","2"],["2","3.054"],["1","6.362"]]}}
1618677609.814511: {"m":"depth-snapshot","symbol":"EGLD/USDT", "data":{"ts":1618677607951,"seqnum":14843382632,"asks":[["216.8296","4.49"],["216.8297","0.03"],["216.8299","142.2"],["216.8302","0.79"],["216.8304","4.34"],["218.8057","6.9"],["219.6429","17.22"],["220.8196","11.99"],["223","1.47"],["224","0.09"],["228","0.18"],["228.6301","0.15"],["230","4.29"],["235.9514","2.73"],["239.5","38.14"],["243","0.22"],["245","5.6"],["249.1617","0.44"],["250","5.97"],["254.82","0.09"],["255","0.5"],["260","0.18"],["268.9999","1"],["269.9283","1"],["270","0.1"],["275","1.5"],["278","0.4"],["280","0.2"],["285","26.48"],["299.22","0.38"],["300","6.14"],["325","1.5"],["326","79.43"],["333","0.05"],["350","6.6"],["375","1.5"],["380","2.38"],["400","1.56"],["400.0012","2.09"],["420","2.74"],["444","0.05"]],"bids":[["209.1815","4.49"],["209.1814","10.76"],["209.1804","113.42"],["209.18","0.05"],["209.1654","4.85"],["209.1093","9.7"],["207.8168","34.88"],["207.558","0.18"],["206.772","17.93"],["205","0.73"],["204.24","0.3"],["203.0003","0.52"],["200","14.1"],["197","0.31"],["189.0001","0.03"],["189","3"],["176.26","0.34"],["173.3301","0.04"],["173.33","1.46"],["161.5323","0.59"],["152.4222","0.37"],["145.0002","0.07"],["145.0001","1"],["145","0.1"],["140","3.15"],["135","0.25"],["130.0001","2"],["125","0.8"],["115","1"],["100","0.05"],["90","1"],["88","0.25"],["75","0.07"]]}}
1618677609.892308: {"m":"depth-snapshot","symbol":"ROOM/USDT", "data":{"ts":1618677583060,"seqnum":15303408701,"asks":[["1.9199","20.9"],["1.9206","10"],["1.9401","21"],["1.9488","11"],["1.9652","1.4"],["1.985","3.9"],["2","2.5"],["2.0022","4.7"],["2.0033","118.5"],["2.0034","11"],["2.0131","1"],["2.0195","18"],["2.026","8.5"],["2.0403","10"],["2.05","1173.4"],["2.0582","13.2"],["2.079","9"],["2.0999","358"],["2.1","89.4"],["2.1222","10"],["2.1366","11"],["2.15","100"],["2.1582","11"],["2.178","5.3"],["2.194","10.5"],["2.215","27.9"],["2.2375","269.7"],["2.25","369.4"],["2.26","356.1"],["2.2767","88.4"],["2.2825","440.7"],["2.3","1495.1"],["2.305","523.7"],["2.3275","605.1"],["2.35","684.9"],["2.3725","763.2"],["2.395","840"],["2.4","1519.1"],["2.4033","167.4"],["2.4175","915.4"],["2.42","19"],["2.44","989.4"],["2.5","2938.1"],["2.53","480.9"],["2.6567","302.9"],["2.7833","361.4"],["2.91","414.8"],["3","280.1"],["3.0367","463.8"],["3.1633","508.8"],["3.29","550.4"],["3.4167","588.8"],["3.5433","624.6"],["3.67","657.8"],["3.8","87"],["4","669"],["4.2","22.4"],["4.3","12"]],"bids":[["1.9195","93.9"],["1.919","11"],["1.9","67.7"],["1.8999","9"],["1.8845","14"],["1.88","15"],["1.825","165.8"],["1.8179","11"],["1.805","201"],["1.7999","12"],["1.7947","167.2"],["1.7821","10"],["1.7702","11.3"],["1.77","11.8"],["1.7547","10.8"],["1.7373","11"],["1.72","278.3"],["1.7","256.1"],["1.6119","21.7"],["1.6118","24.5"],["1.6","489.6"],["1.5533","1540.8"],["1.505","33.1"],["1.5","1376.5"],["1.44","543.8"],["1.3867","575.3"],["1.22","784.7"]]}}
1618677609.893065: {"m":"depth-snapshot","symbol":"SRM/BTC", "data":{"ts":1618677609636,"seqnum":14844468744,"asks":[["0.000112543","154"],["0.000112556","27"],["0.000112558","154"],["0.000112576","307"],["0.000112583","59"],["0.000112594","153"],["0.000112639","307"],["0.000113034","527"],["0.000114199","443"],["0.000114969","711"],["0.000115867","704"],["0.000116781","689"],["0.000117726","1108"],["0.000118623","879"],["0.000119521","797"],["0.000120299","1152"],["0.000121197","1095"],["0.000122195","1094"],["0.000122991","1390"],["0.000123889","1504"],["0.000124786","1401"],["0.000125786","1422"],["0.000126581","1048"],["0.000127478","1614"],["0.000128479","1355"],["0.000129273","1700"]],"bids":[["0.00011224","122"],["0.000112231","66"],["0.000112101","55"],["0.000111309","582"],["0.000110454","542"],["0.000109593","882"],["0.000109199","588"],["0.000109128","847"],["0.000107353","234"],["0.000107352","814"],["0.000106893","863"],["0.000106465","988"],["0.000105729","1282"],["0.000103853","926"],["0.000103089","963"],["0.000102337","1041"],["0.000101595","1395"],["0.000100865","1271"],["0.000100213","1285"],["0.000100144","1227"],["0.000098734","1607"],["0.000098043","1427"],["0.000097276","1588"],["0.000084358","192"],["0.000045","100"]]}}
1618677609.9579499: {"m":"depth-snapshot","symbol":"ZIG/USDT", "data":{"ts":1618677601800,"seqnum":15360487476,"asks":[["0.097499","1737"],["0.09766","15296"],["0.097665","1102"],["0.097831","871"],["0.097997","1174"],["0.098163","718"],["0.09833","1728"],["0.098497","1866"],["0.098664","1544"],["0.098833","506"],["0.099001","867"],["0.099156","7825"],["0.099169","1287"],["0.099337","1474"],["0.09937","2516"],["0.099506","955"],["0.099675","3246"],["0.099844","1035"],["0.100014","500"],["0.100185","1411"],["0.100194","5708"],["0.100355","939"],["0.100525","726"],["0.100696","978"],["0.100867","1478"],["0.101026","4046"],["0.101038","2234"],["0.10121","835"],["0.101244","22"],["0.101383","493"],["0.101555","906"],["0.101727","1531"],["0.101865","11265"],["0.1019","1434"],["0.102073","490"],["0.102246","3270"],["0.102421","1090"],["0.10271","3286"],["0.103563","3162"],["0.104422","3729"],["0.10529","6292"],["0.105433","3346"],["0.106164","8801"],["0.107046","2803"],["0.107934","2316"],["0.108531","53"],["0.10883","2688"],["0.109734","2335"],["0.11","11088"],["0.110644","11043"],["0.1109","500"],["0.111563","2241"],["0.112489","9023"],["0.113422","2887"],["0.114364","2186"],["0.115","25124"],["0.115313","2694"],["0.11627","6676"],["0.117235","4649"],["0.118208","2115"],["0.1189","216"],["0.119","984"],["0.119189","4908"],["0.12","179843"],["0.1201","500"],["0.120178","6277"],["0.1202","500"],["0.1203","500"],["0.1204","500"],["0.1205","500"],["0.1206","500"],["0.1207","500"],["0.1208","500"],["0.1209","500"],["0.121","500"],["0.121176","3414"],["0.122","500"],["0.122181","2046"],["0.123","2563"],["0.123195","3993"],["0.124","500"],["0.124217","6415"],["0.125","14192"],["0.125249","1996"],["0.126","500"],["0.126288","2113"],["0.127","500"],["0.128","500"],["0.1289","53872"],["0.129","500"],["0.13","63649"],["0.133119","779"],["0.135","10072"],["0.138","2000"],["0.139995","2669"],["0.14","109074"],["0.145","100"],["0.1485","5000"],["0.15","1272304"],["0.152","3200"],["0.155","846"],["0.15555","4000"],["0.158","3889"],["0.1599","6500"],["0.16","3749"],["0.162","9536"],["0.165","999"],["0.17","4281"],["0.171234","5000"],["0.1715","4822"],["0.172834","500"],["0.173404","500"],["0.173698","500"],["0.173993","500"],["0.174289","500"],["0.174532","2047"],["0.174585","500"],["0.174882","500"],["0.174883","500"],["0.175","4045"],["0.175179","500"],["0.17518","500"],["0.175477","500"],["0.175775","500"],["0.176074","500"],["0.176373","500"],["0.176673","500"],["0.176973","500"],["0.177","1300"],["0.177234","500"],["0.177274","500"],["0.1775","197"],["0.179393","500"],["0.179698","500"],["0.18","287196"],["0.180002","500"],["0.180004","500"],["0.180188","500"],["0.18031","500"],["0.180311","500"],["0.180616","500"],["0.180923","500"],["0.181231","500"],["0.181232","500"],["0.181233","500"],["0.181234","10000"],["0.181539","500"],["0.181683","500"],["0.181848","500"],["0.182","3350"],["0.182157","500"],["0.182422","500"],["0.182467","500"],["0.182777","500"],["0.183","162"],["0.183088","500"],["0.183108","500"],["0.183191","500"],["0.183399","500"],["0.183419","500"],["0.183711","500"],["0.184","500"],["0.184023","500"],["0.184336","500"],["0.184649","500"],["0.184669","500"],["0.184712","500"],["0.184964","500"],["0.185278","500"],["0.185593","500"],["0.187493","500"],["0.187813","500"],["0.188132","500"],["0.189","500"],["0.189349","500"],["0.19","23492"],["0.1908","500"],["0.191","500"],["0.191234","5000"],["0.192","57541"],["0.1921","500"],["0.192505","500"],["0.195","263"],["0.195714","500"],["0.198","9961"],["0.198977","500"],["0.199","200"],["0.1995","2500"],["0.2","914175"],["0.201168","215"],["0.201234","5000"],["0.201974","5000"],["0.202234","10000"],["0.202738","61339"],["0.203","500"],["0.203234","10000"],["0.203973","500"],["0.203974","500"],["0.204234","5000"],["0.205","500"],["0.205223","5000"],["0.205234","5000"],["0.207926","66"],["0.209234","5000"],["0.21","6025"],["0.211111","500"],["0.211234","5000"],["0.211974","5000"],["0.212234","5000"],["0.213234","5000"],["0.213974","1000"],["0.214234","5000"],["0.21507","525"],["0.215223","5000"],["0.215234","5000"],["0.216122","500"],["0.216234","5000"],["0.217234","5000"],["0.217373","500"],["0.218234","5000"],["0.219234","5000"],["0.22","13151"],["0.221234","5000"],["0.221974","5000"],["0.222234","10000"],["0.222974","5000"],["0.223234","5000"],["0.223974","10000"],["0.224234","5000"],["0.225223","10000"],["0.225234","5000"],["0.226234","5000"],["0.227234","5000"],["0.228234","5000"],["0.228999","552"],["0.229234","5000"],["0.23","6374"],["0.230223","5000"],["0.230897","500"],["0.231223","5000"],["0.231234","5000"],["0.232223","5000"],["0.232234","5000"],["0.232315","533"],["0.232813","500"],["0.233223","5000"],["0.233234","5000"],["0.233974","10000"],["0.234","500"],["0.234223","5000"],["0.234234","5000"],["0.235","500"],["0.235023","500"],["0.235223","20000"],["0.235234","5000"],["0.236223","5000"],["0.236234","5000"],["0.237223","5000"],["0.237234","5000"],["0.2378","522"],["0.238223","5000"],["0.238234","5000"],["0.239223","5000"],["0.239234","5000"],["0.24","7008"],["0.240023","5937"],["0.24023","5000"],["0.24123","10000"],["0.241234","5000"],["0.24223","15000"],["0.242234","10000"],["0.242408","500"],["0.24323","20000"],["0.243974","5000"],["0.244","500"],["0.24523","5000"],["0.24623","10000"],["0.24723","5000"],["0.24823","5000"],["0.2488","500"],["0.2489","500"],["0.249","1000"],["0.24923","5000"],["0.2498","1000"],["0.24996","500"],["0.25","32058"],["0.250923","5000"],["0.251","500"],["0.251023","3433"],["0.251923","5000"],["0.252","1000"],["0.252023","14540"],["0.252923","10000"],["0.253023","5000"],["0.253974","5000"],["0.2577","20"],["0.26","9248"],["0.2611","3265"],["0.262877","1735"],["0.263974","5000"],["0.264","403"],["0.26455","1184"],["0.27","30787"],["0.273974","5000"],["0.275","1027"],["0.275555","1658"],["0.276771","277"],["0.278072","1479"],["0.28","600"],["0.281412","929"],["0.283974","5000"],["0.285","1162"],["0.287","576"],["0.28999","449"],["0.29","8464"],["0.293974","5000"],["0.295","155"],["0.297947","163"],["0.2989","181"],["0.3","23452"],["0.300272","367"],["0.303974","5000"],["0.31","500"],["0.313974","5000"],["0.315","16"],["0.323974","5000"],["0.324986","1285"],["0.333974","5000"],["0.344","500"],["0.35","3720"],["0.39","60"],["0.4","1177"],["0.40016","44"],["0.405","4992"],["0.4296","136"],["0.5","944"],["0.52","215"]],"bids":[["0.097014","2887"],["0.096946","6122"],["0.096849","626"],["0.096685","805"],["0.096521","1318"],["0.096357","517"],["0.096193","1153"],["0.096148","2558"],["0.096139","9151"],["0.09603","3469"],["0.095867","992"],["0.095704","1061"],["0.095542","1566"],["0.09538","577"],["0.095357","6190"],["0.095218","2026"],["0.095056","1177"],["0.094895","822"],["0.094734","526"],["0.094573","1162"],["0.094572","4843"],["0.094412","2168"],["0.094252","1971"],["0.094093","1284"],["0.094092","1692"],["0.093932","1547"],["0.093794","3356"],["0.093773","1186"],["0.093614","3560"],["0.093455","533"],["0.093296","1561"],["0.093138","1667"],["0.093022","13384"],["0.09298","986"],["0.092822","537"],["0.092664","909"],["0.092507","2432"],["0.09235","1609"],["0.092256","2666"],["0.0922","27078"],["0.092","5439"],["0.091497","3172"],["0.0911","1000"],["0.091","6562"],["0.090862","3302"],["0.090744","2710"],["0.09","41815"],["0.089997","7002"],["0.089256","7662"],["0.0888","282"],["0.08858","70"],["0.088528","954"],["0.088521","1555"],["0.088352","5941"],["0.088154","3970"],["0.087903","216"],["0.08787","2000"],["0.087792","8978"],["0.08729","15563"],["0.087069","6998"],["0.08678","3242"],["0.086352","2848"],["0.085692","6783"],["0.085641","6741"],["0.085401","588"],["0.085012","102611"],["0.085011","51201"],["0.085001","66"],["0.085","102517"],["0.084987","51216"],["0.084936","9055"],["0.084237","4722"],["0.084229","10029"],["0.083544","5865"],["0.083112","9314"],["0.08295","3000"],["0.082856","2968"],["0.0828","3912"],["0.0822","29097"],["0.082174","3195"],["0.082","3762"],["0.08171","428"],["0.081498","3018"],["0.081435","7907"],["0.081","2777"],["0.080827","9698"],["0.08059","7427"],["0.080162","6036"],["0.08011","1500"],["0.080001","555"],["0.08","52250"],["0.079792","8082"],["0.079502","3093"],["0.078994","15000"],["0.078965","10208"],["0.078848","5162"],["0.07878","1000"],["0.078715","5922"],["0.078199","9490"],["0.078","15141"],["0.077777","6500"],["0.077555","7420"],["0.077136","101"],["0.0771","1656"],["0.077","1350"],["0.076996","7876"],["0.076917","3197"],["0.0769","100"],["0.076543","501"],["0.076284","7028"],["0.076215","7929"],["0.07612","656"],["0.076","3425"],["0.07568","4278"],["0.075348","75"],["0.075315","8068"],["0.075001","80"],["0.075","28179"],["0.074","500"],["0.0738","100"],["0.07371","678"],["0.071994","800"],["0.0711","1000"],["0.071","96"],["0.070652","109"],["0.070001","81"],["0.07","55457"],["0.0692","100"],["0.06883","800"],["0.066938","2369"],["0.0666","7162"],["0.0653","1300"],["0.0651","3410"],["0.065","9945"],["0.06125","250"],["0.061","111"],["0.060001","40000"],["0.06","18091"],["0.0597","1695"],["0.056","2000"],["0.055","14519"],["0.0543","1000"],["0.054","399"],["0.05334","936"],["0.053","1800"],["0.052409","32264"],["0.0513","6340"],["0.051234","1000"],["0.0511","1000"],["0.051","134"],["0.05","21389"],["0.045","16209"],["0.042","1447"],["0.0405","258"],["0.040001","100000"],["0.04","157882"]]}}
1618677610.115861: {"m":"depth","symbol":"CHZ/USDT", "data":{"ts":1618677609990,"seqnum":21034366122,"asks":[["0.630378","5798"],["0.636926","0"]],"bids":[["0.623367","1658"]]}}
1618677610.115999: {"m":"depth","symbol":"NEO/USDT", "data":{"ts":1618677609861,"seqnum":32164169234,"asks":[["95.134","0"],["95.177","11.06"],["95.191","0"]],"bids":[["94.852","11.7"],["94.808","0"]]}}
1618677610.4736772: {"m":"depth","symbol":"EGLD/USDT", "data":{"ts":1618677610073,"seqnum":14843382633,"asks":[],"bids":[["209.1814","0"]]}}
1618677610.4738219: {"m":"depth","symbol":"CHZ/USDT", "data":{"ts":1618677610193,"seqnum":21034366123,"asks":[],"bids":[["0.622509","0"]]}}
1618677610.473891: {"m":"depth","symbol":"NEO/USDT", "data":{"ts":1618677610332,"seqnum":32164169235,"asks":[["95.134","11.06"],["95.177","0"],["95.186","25.48"],["95.365","1.57"],["95.385","0.89"],["95.415","40.04"],["95.435","0"],["95.466","42.97"],["95.476","13.18"],["95.536","79.31"],["95.556","0"],["95.857","5.85"],["95.937","233.26"],["96.077","4.08"]],"bids":[["94.852","0"],["94.702","50.33"],["94.692","161.28"],["94.682","10.92"],["94.672","92.57"],["94.602","49.68"],["94.583","0"],["94.573","36.36"],["94.563","86.14"],["94.523","57.3"],["94.513","31.32"],["94.343","12"],["92.868","0"]]}}
1618677610.73061: {"m":"depth","symbol":"EGLD/USDT", "data":{"ts":1618677610559,"seqnum":14843382634,"asks":[],"bids":[["209.1816","10.76"]]}}
1618677610.7551: {"m":"depth","symbol":"CHZ/USDT", "data":{"ts":1618677610609,"seqnum":21034366124,"asks":[["0.630378","0"]],"bids":[["0.623134","3316"]]}}
1618677611.08724: {"m":"depth","symbol":"CHZ/USDT", "data":{"ts":1618677610851,"seqnum":21034366125,"asks":[["0.630349","0"],["0.630519","1653"],["0.630563","5795"]],"bids":[]}}
1618677611.087421: {"m":"depth","symbol":"NEO/USDT", "data":{"ts":1618677610961,"seqnum":32164169236,"asks":[["95.134","0"],["95.173","11.06"]],"bids":[["94.861","11.7"],["94.836","0"]]}}
1618677611.397098: {"m":"depth","symbol":"CHZ/USDT", "data":{"ts":1618677611146,"seqnum":21034366126,"asks":[["0.630348","0"],["0.636914","677"]],"bids":[]}}
1618677611.397247: {"m":"depth","symbol":"NEO/USDT", "data":{"ts":1618677611238,"seqnum":32164169237,"asks":[["95.135","24.98"],["95.173","0"],["95.623","0"]],"bids":[["94.861","0"]]}}
1618677611.7024581: {"m":"depth","symbol":"CHR/USDT", "data":{"ts":1618677611541,"seqnum":45632691679,"asks":[],"bids":[["0.36934","8122"]]}}
1618677611.702615: {"m":"depth","symbol":"EGLD/USDT", "data":{"ts":1618677611506,"seqnum":14843382635,"asks":[],"bids":[["209.1093","0"]]}}
1618677611.702703: {"m":"depth","symbol":"NEO/USDT", "data":{"ts":1618677611567,"seqnum":32164169238,"asks":[["95.531","375.67"]],"bids":[["94.849","0"],["94.839","38.4"],["94.82","10.98"],["94.79","11.7"]]}}
1618677611.9932292: {"m":"depth","symbol":"CHR/USDT", "data":{"ts":1618677611684,"seqnum":45632691680,"asks":[["0.39266","2639"]],"bids":[["0.37128","2639"]]}}
1618677611.995065: {"m":"depth","symbol":"EGLD/USDT", "data":{"ts":1618677611625,"seqnum":14843382636,"asks":[],"bids":[["209.1382","9.7"]]}}
1618677612.007099: {"m":"depth","symbol":"SRM/BTC", "data":{"ts":1618677611830,"seqnum":14844468745,"asks":[["0.000112576","0"]],"bids":[]}}
1618677612.217559: {"m":"depth","symbol":"NEO/USDT", "data":{"ts":1618677611861,"seqnum":32164169239,"asks":[],"bids":[["94.793","11.7"],["94.79","0"]]}}
1618677612.273439: {"m":"depth","symbol":"ZIG/USDT", "data":{"ts":1618677612009,"seqnum":15360487477,"asks":[["0.098331","415"]],"bids":[]}}
1618677612.282979: {"m":"depth","symbol":"SRM/BTC", "data":{"ts":1618677612174,"seqnum":14844468746,"asks":[["0.000112586","307"]],"bids":[]}}
1618677612.283123: {"m":"depth","symbol":"CHZ/USDT", "data":{"ts":1618677612136,"seqnum":21034366127,"asks":[["0.636915","0"]],"bids":[["0.623293","0"]]}}
1618677612.2835531: {"m":"depth","symbol":"NEO/USDT", "data":{"ts":1618677612172,"seqnum":32164169240,"asks":[["95.265","10.29"],["95.285","3.92"],["95.295","1.16"],["95.305","50.33"],["95.315","12.8"],["95.325","33.61"],["95.335","1.36"],["95.345","21.23"],["95.355","0.24"],["95.365","44.2"],["95.375","72.98"],["95.385","28.54"],["95.395","51.12"],["95.405","0"],["95.415","0"],["95.435","11.41"],["95.445","5.88"],["95.456","81.2"],["95.466","20.7"],["95.476","13.18"],["95.486","27.11"],["95.496","21.5"],["95.506","29.31"],["95.516","39.5"],["95.536","82.21"],["95.566","25.26"],["95.576","8.35"],["95.586","65.68"],["95.596","12.15"],["95.616","0"],["95.626","4.67"],["95.706","0"],["95.957","0"],["95.967","0"],["95.977","0"],["95.997","0"],["96.037","0"],["96.077","0"]],"bids":[["94.839","0"],["94.82","0"],["94.793","0"],["94.702","0"],["94.692","0"],["94.682","0"],["94.672","0"],["94.662","0"],["94.632","0"],["94.622","78.3"],["94.612","0"],["94.602","36.5"],["94.593","11.7"],["94.573","54.63"],["94.563","81.67"],["94.553","42.81"],["94.543","11.05"],["94.533","74.5"],["94.523","48.62"],["94.513","0"],["94.503","26.38"],["94.493","11.26"],["94.483","3.75"],["94.473","32.17"],["94.443","5.85"],["94.413","1.96"],["92.868","0.27"],["92.848","4.52"],["92.818","35.64"]]}}
1618677612.585922: {"m":"depth","symbol":"EGLD/USDT", "data":{"ts":1618677612307,"seqnum":14843382637,"asks":[],"bids":[["209.1817","4.49"],["209.1815","0"]]}}
1618677612.5931652: {"m":"depth","symbol":"CHZ/USDT", "data":{"ts":1618677612214,"seqnum":21034366128,"asks":[["0.636913","600"]],"bids":[["0.623896","1658"]]}}
1618677612.593277: {"m":"depth","symbol":"SRM/BTC", "data":{"ts":1618677612248,"seqnum":14844468747,"asks":[],"bids":[["0.000112231","0"]]}}
1618677612.5933282: {"m":"depth","symbol":"NEO/USDT", "data":{"ts":1618677612483,"seqnum":32164169241,"asks":[["95.061","13.49"],["95.134","11.06"],["95.135","13.92"],["95.245","0"]],"bids":[["94.86","0"],["94.833","10.98"],["94.786","38.42"],["94.772","0"],["94.77","11.7"],["94.761","10.98"]]}}
1618677612.903043: {"m":"depth","symbol":"SRM/BTC", "data":{"ts":1618677612719,"seqnum":14844468748,"asks":[],"bids":[["0.00011224","188"]]}}
1618677612.903171: {"m":"depth","symbol":"NEO/USDT", "data":{"ts":1618677612794,"seqnum":32164169242,"asks":[["95.134","0"],["95.186","10.98"]],"bids":[["94.77","0"]]}}
1618677613.21287: {"m":"depth","symbol":"CHZ/USDT", "data":{"ts":1618677613109,"seqnum":21034366129,"asks":[["0.630519","0"],["0.630563","0"],["0.631231","1649"],["0.631376","5771"]],"bids":[["0.624801","0"]]}}
1618677613.212972: {"m":"depth","symbol":"ALTBULL/USDT", "data":{"ts":1618677612948,"seqnum":21031929384,"asks":[],"bids":[["1406.1","0"],["1403.8","1.576"]]}}
1618677613.213008: {"m":"depth","symbol":"NEO/USDT", "data":{"ts":1618677613143,"seqnum":32164169243,"asks":[["94.996","12.94"]],"bids":[["94.833","0"],["94.786","0"],["94.761","0"],["94.745","7.7"],["94.713","0"],["94.678","21.98"],["94.48","10.06"]]}}
1618677613.548146: {"m":"depth","symbol":"NEO/USDT", "data":{"ts":1618677613406,"seqnum":32164169244,"asks":[["95.018","13.01"],["95.165","1.03"],["95.175","191.49"],["95.185","3.81"],["95.195","56.87"],["95.215","51.55"],["95.225","0.29"],["95.235","9.76"],["95.255","28.28"],["95.265","0.22"],["95.285","0"],["95.295","0"],["95.305","0"],["95.315","8.61"],["95.325","63.05"],["95.335","11.05"],["95.345","0"],["95.355","7.28"],["95.365","33.15"],["95.375","27.7"],["95.385","9.92"],["95.395","1.96"],["95.405","10.75"],["95.425","178.27"],["95.435","44.62"],["95.445","10.43"],["95.456","61.06"],["95.476","21.06"],["95.496","8.05"],["95.516","21.86"],["95.536","42.39"],["95.546","1.88"],["95.566","0"],["95.576","0"],["95.586","68.79"],["95.596","8.25"],["95.606","0"],["95.626","1.1"],["95.636","0"],["95.646","4.9"],["95.666","17.97"],["95.766","28.71"],["95.787","257.4"],["95.837","7.41"],["95.867","0"],["95.887","58.41"],["95.907","3.01"],["95.917","6.06"],["95.937","0"],["95.947","0"]],"bids":[["94.745","0"],["94.678","0"],["94.664","9.74"],["94.661","11"],["94.622","0"],["94.602","0"],["94.593","0"],["94.573","0"],["94.563","0"],["94.553","0"],["94.543","0"],["94.533","19.5"],["94.523","0"],["94.503","0"],["94.493","0"],["94.483","11.05"],["94.473","43.7"],["94.463","21.98"],["94.453","11.17"],["94.443","38.33"],["94.433","25.35"],["94.423","13.55"],["94.413","42.67"],["94.403","24.63"],["94.383","7.4"],["94.373","7.06"],["94.363","30.68"],["94.343","0"],["94.313","0"],["94.303","61.95"],["94.293","4.35"],["94.283","10.99"],["94.264","12.3"],["94.224","0"],["94.204","4.63"],["94.194","5.67"],["94.174","5.64"],["94.154","73.91"],["94.094","6.81"],["94.024","5.73"],["94.004","2.33"],["93.984","0"],["93.915","0"],["93.855","66.69"],["93.825","0"],["93.805","16.49"],["93.775","19.41"],["93.516","0"],["93.416","25.93"],["92.818","0"],["92.778","0.15"],["92.744","1610.02"]]}}
1618677613.853258: {"m":"depth","symbol":"CHR/USDT", "data":{"ts":1618677613545,"seqnum":45632691681,"asks":[["0.39266","0"]],"bids":[["0.37128","0"],["0.36934","0"]]}}
1618677613.853436: {"m":"depth","symbol":"NEO/USDT", "data":{"ts":1618677613698,"seqnum":32164169245,"asks":[["95.018","0"],["95.054","13.01"]],"bids":[["94.661","0"],["94.529","22"]]}}
1618677614.1340292: {"m":"depth","symbol":"ZIG/USDT", "data":{"ts":1618677613943,"seqnum":15360487478,"asks":[],"bids":[["0.096192","415"]]}}
1618677614.153197: {"m":"depth","symbol":"NEO/USDT", "data":{"ts":1618677614027,"seqnum":32164169246,"asks":[["94.933","12.95"],["95.054","0"],["95.135","0"]],"bids":[["94.664","9.74"],["94.595","11"]]}}
1618677614.4692879: {"m":"depth","symbol":"EGLD/USDT", "data":{"ts":1618677614210,"seqnum":14843382638,"asks":[],"bids":[["209.1816","0"]]}}
1618677614.469429: {"m":"depth","symbol":"CHZ/USDT", "data":{"ts":1618677614198,"seqnum":21034366130,"asks":[["0.630518","677"],["0.631375","600"],["0.636913","0"],["0.636914","0"]],"bids":[["0.624801","10"]]}}
1618677614.469562: {"m":"depth","symbol":"NEO/USDT", "data":{"ts":1618677614369,"seqnum":32164169247,"asks":[["95.072","11.47"],["95.229","0"]],"bids":[["94.663","0"],["94.543","3"]]}}
1618677614.768626: {"m":"depth","symbol":"NEO/USDT", "data":{"ts":1618677614435,"seqnum":32164169248,"asks":[["95.072","0"]],"bids":[]}}
1618677615.187432: {"m":"depth","symbol":"EGLD/USDT", "data":{"ts":1618677614723,"seqnum":14843382639,"asks":[],"bids":[["209.1818","10.76"]]}}
1618677615.187509: {"m":"depth","symbol":"SRM/BTC", "data":{"ts":1618677614925,"seqnum":14844468749,"asks":[["0.000112558","0"],["0.000112605","154"]],"bids":[]}}
1618677615.187556: {"m":"depth","symbol":"CHZ/USDT", "data":{"ts":1618677614853,"seqnum":21034366131,"asks":[["0.631231","0"],["0.631376","0"],["0.631606","5791"]],"bids":[]}}
1618677615.187598: {"m":"depth","symbol":"ALTBULL/USDT", "data":{"ts":1618677614789,"seqnum":21031929385,"asks":[],"bids":[["1406.3","1.253"]]}}
1618677615.1876218: {"m":"depth","symbol":"NEO/USDT", "data":{"ts":1618677614886,"seqnum":32164169249,"asks":[["94.972","21.99"]],"bids":[["93.597","0"]]}}
1618677615.3843699: {"m":"depth","symbol":"ALTBULL/USDT", "data":{"ts":1618677615247,"seqnum":21031929386,"asks":[["1443.2","0"]],"bids":[["1404.3","0"]]}}
1618677615.3845272: {"m":"depth","symbol":"CHZ/USDT", "data":{"ts":1618677615247,"seqnum":21034366132,"asks":[["0.630518","0"],["0.631321","1655"],["0.631375","0"],["0.636914","677"],["0.636915","600"]],"bids":[["0.623367","0"]]}}
1618677615.388: {"m":"depth","symbol":"NEO/USDT", "data":{"ts":1618677615285,"seqnum":32164169250,"asks":[["95.104","0.4"],["95.114","12.05"],["95.125","78.98"],["95.145","10.67"],["95.155","156.16"],["95.165","0"],["95.175","75.19"],["95.185","0.25"],["95.195","37.52"],["95.215","78.95"],["95.225","44.27"],["95.235","21.44"],["95.265","82.45"],["95.275","19.64"],["95.285","7.73"],["95.295","3.97"],["95.305","4.2"],["95.315","8.61"],["95.325","0"],["95.335","21.24"],["95.355","9.05"],["95.365","33.15"],["95.375","42.01"],["95.395","15.31"],["95.415","6.38"],["95.425","22.11"],["95.435","33.3"],["95.445","4.54"],["95.456","36.1"],["95.476","13.18"],["95.486","0"],["95.506","2.01"],["95.516","0"],["95.536","0"],["95.586","58.05"],["95.596","0"],["95.626","222.1"],["95.666","88.36"],["95.716","23.08"],["95.766","7.96"],["95.787","21.72"],["95.887","0"],["95.897","0"],["95.907","0"],["95.917","0"]],"bids":[["94.533","0"],["94.483","0.64"],["94.463","27.99"],["94.453","6.95"],["94.443","0"],["94.433","0"],["94.423","0.28"],["94.413","0"],["94.403","12.98"],["94.393","53.51"],["94.383","11.89"],["94.373","0"],["94.363","17.2"],["94.353","9.75"],["94.343","25.35"],["94.333","43.5"],["94.323","20.44"],["94.313","59.75"],["94.303","96.19"],["94.293","4.35"],["94.283","22.86"],["94.273","38.72"],["94.264","6.04"],["94.263","0"],["94.244","5.05"],["94.224","25.35"],["94.204","0"],["94.194","0"],["94.174","1.95"],["94.154","67.19"],["94.104","4.52"],["94.094","0"],["94.074","0"],["94.024","0"],["93.964","0"],["93.925","5.4"],["93.881","80.7"],["93.825","48.06"],["93.805","0"],["93.795","247.89"],["93.755","303.46"],["93.487","1.15"],["93.416","0"],["93.286","22.86"],["92.848","0"],["92.778","0"]]}}
1618677615.695065: {"m":"depth","symbol":"CHR/USDT", "data":{"ts":1618677615497,"seqnum":45632691682,"asks":[["0.39255","2638"]],"bids":[["0.37128","2638"],["0.36934","8122"]]}}
1618677615.695233: {"m":"depth","symbol":"CHZ/USDT", "data":{"ts":1618677615469,"seqnum":21034366133,"asks":[["0.63123","677"],["0.636914","0"]],"bids":[["0.624106","1657"]]}}
1618677615.695337: {"m":"depth","symbol":"SRM/BTC", "data":{"ts":1618677615358,"seqnum":14844468750,"asks":[["0.000112529","168"],["0.000112556","0"]],"bids":[]}}
1618677615.6954129: {"m":"depth","symbol":"ALTBULL/USDT", "data":{"ts":1618677615620,"seqnum":21031929387,"asks":[["1444.3","1.362"]],"bids":[]}}
1618677615.6954648: {"m":"depth","symbol":"NEO/USDT", "data":{"ts":1618677615554,"seqnum":32164169251,"asks":[["95.005","11.63"],["95.186","0"]],"bids":[]}}
1618677616.005673: {"m":"depth","symbol":"CHZ/USDT", "data":{"ts":1618677615800,"seqnum":21034366134,"asks":[],"bids":[["0.623134","0"]]}}
1618677616.005816: {"m":"depth","symbol":"NEO/USDT", "data":{"ts":1618677615902,"seqnum":32164169252,"asks":[["94.939","11"],["94.996","12.94"],["95.001","11.63"],["95.005","0"]],"bids":[["94.595","0"]]}}
1618677616.316194: {"m":"depth","symbol":"NEO/USDT", "data":{"ts":1618677616243,"seqnum":32164169253,"asks":[],"bids":[["94.036","0"]]}}
1618677616.316333: {"m":"depth","symbol":"CHZ/USDT", "data":{"ts":1618677616193,"seqnum":21034366135,"asks":[["0.636916","0"],["0.651399","2273"]],"bids":[["0.623898","3313"]]}}
1618677616.316441: {"m":"depth","symbol":"SRM/BTC", "data":{"ts":1618677616243,"seqnum":14844468751,"asks":[["0.000112529","0"],["0.000112665","171"]],"bids":[]}}
1618677616.7225778: {"m":"depth","symbol":"SRM/BTC", "data":{"ts":1618677616269,"seqnum":14844468752,"asks":[["0.000112556","28"]],"bids":[]}}
1618677616.722677: {"m":"depth","symbol":"NEO/USDT", "data":{"ts":1618677616545,"seqnum":32164169254,"asks":[["95.001","0"],["95.375","45.01"],["95.455","0"]],"bids":[["94.591","11"]]}}
1618677617.029618: {"m":"trades","symbol":"CHZ/USDT","data":[{"p":"0.624801","q":"10","ts":1618677616732,"bm":true,"seqnum":27772246859},{"p":"0.6248","q":"416","ts":1618677616732,"bm":true,"seqnum":27772246861}]}
1618677617.02973: {"m":"depth","symbol":"CHZ/USDT", "data":{"ts":1618677616769,"seqnum":21034366136,"asks":[],"bids":[["0.624801","0"],["0.6248","5384"]]}}
1618677617.029835: {"m":"depth","symbol":"NEO/USDT", "data":{"ts":1618677616765,"seqnum":32164169255,"asks":[["95.017","11.63"]],"bids":[["94.591","0"],["93.869","277.4"]]}}
1618677617.233854: {"m":"depth","symbol":"ZIG/USDT", "data":{"ts":1618677616947,"seqnum":15360487479,"asks":[["0.098331","0"]],"bids":[]}}
1618677617.246685: {"m":"depth","symbol":"CHZ/USDT", "data":{"ts":1618677617118,"seqnum":21034366137,"asks":[["0.636915","0"]],"bids":[]}}
1618677617.2468312: {"m":"depth","symbol":"NEO/USDT", "data":{"ts":1618677617136,"seqnum":32164169256,"asks":[["95.017","0"],["95.054","33.02"],["95.061","0"],["95.064","32.64"],["95.074","41.74"],["95.084","161.2"],["95.094","10.93"],["95.104","3.92"],["95.125","28.65"],["95.135","12.82"],["95.145","9.36"],["95.155","146.77"],["95.175","35.38"],["95.185","0"],["95.195","0"],["95.205","13.22"],["95.215","0"],["95.255","28.28"],["95.265","82.45"],["95.275","19.64"],["95.285","7.73"],["95.305","6.2"],["95.335","25.51"],["95.355","1.76"],["95.375","48.07"],["95.395","20.25"],["95.415","0"],["95.435","21.89"],["95.456","4.82"],["95.476","21.08"],["95.546","0"],["95.586","52.86"],["95.666","80.27"],["95.776","234"],["95.787","26.89"],["95.837","0"],["95.847","0"],["95.857","0"]],"bids":[["94.664","0"],["94.581","11"],["94.544","11.13"],["94.483","0"],["94.473","0"],["94.463","0"],["94.453","0.07"],["94.423","0"],["94.403","0.13"],["94.393","0.7"],["94.383","29.1"],["94.363","9.97"],["94.343","0"],["94.333","39.3"],["94.323","0"],["94.313","36.7"],["94.303","26.49"],["94.293","77.22"],["94.283","5.71"],["94.273","38.72"],["94.264","6.85"],["94.254","12.48"],["94.244","0"],["94.234","27.16"],["94.184","56.64"],["94.174","1.96"],["94.164","1.63"],["94.154","58.62"],["94.144","0"],["94.104","4.63"],["94.094","4.27"],["94.054","0"],["94.014","2.87"],["93.994","6.54"],["93.954","7.82"],["93.855","0"],["93.775","0"],["93.745","4.04"],["93.725","59.28"],["93.685","20.3"],["93.556","18.14"],["93.306","0.37"],["93.286","0"],["93.277","23.17"],["93.197","0"],["93.087","0.27"],["92.997","21.35"],["92.878","1.12"],["92.744","0"]]}}
1618677617.642674: {"m":"depth","symbol":"CHR/USDT", "data":{"ts":1618677617316,"seqnum":45632691683,"asks":[["0.39255","0"]],"bids":[["0.37128","0"],["0.36934","0"]]}}
1618677617.6428502: {"m":"depth","symbol":"EGLD/USDT", "data":{"ts":1618677617460,"seqnum":14843382640,"asks":[],"bids":[["209.1819","4.49"],["209.1817","0"]]}}
1618677617.642936: {"m":"depth","symbol":"XDAI/USDT", "data":{"ts":1618677617329,"seqnum":14842030534,"asks":[],"bids":[["1.0004","0"]]}}
1618677617.642991: {"m":"depth","symbol":"CHZ/USDT", "data":{"ts":1618677617482,"seqnum":21034366138,"asks":[["0.636914","2273"],["0.651397","600"],["0.651399","0"]],"bids":[["0.624258","1657"],["0.623896","0"]]}}
1618677617.643104: {"m":"depth","symbol":"SRM/BTC", "data":{"ts":1618677617304,"seqnum":14844468753,"asks":[["0.000112601","307"],["0.000112639","0"]],"bids":[]}}
1618677617.64317: {"m":"depth","symbol":"NEO/USDT", "data":{"ts":1618677617435,"seqnum":32164169257,"asks":[["94.875","11.63"],["94.876","12.99"]],"bids":[["94.581","0"],["94.544","0"],["94.529","0"],["94.506","2.01"],["93.487","0"]]}}
1618677617.951073: {"m":"depth","symbol":"XDAI/USDT", "data":{"ts":1618677617645,"seqnum":14842030535,"asks":[],"bids":[["1.0004","15.2"]]}}
1618677617.951175: {"m":"depth","symbol":"NEO/USDT", "data":{"ts":1618677617478,"seqnum":32164169258,"asks":[],"bids":[["94.506","0"]]}}
1618677617.951232: {"m":"depth","symbol":"SRM/BTC", "data":{"ts":1618677617716,"seqnum":14844468754,"asks":[["0.000112354","139"],["0.000112556","0"],["0.000112586","0"],["0.000112665","0"]],"bids":[]}}
1618677618.2553542: {"m":"depth","symbol":"CHZ/USDT", "data":{"ts":1618677617939,"seqnum":21034366139,"asks":[],"bids":[["0.622903","3314"],["0.621639","0"]]}}
1618677618.255517: {"m":"depth","symbol":"SRM/BTC", "data":{"ts":1618677617883,"seqnum":14844468755,"asks":[["0.000112354","0"],["0.000112555","307"],["0.000112574","66"]],"bids":[]}}
1618677618.2556171: {"m":"depth","symbol":"ALTBULL/USDT", "data":{"ts":1618677618004,"seqnum":21031929388,"asks":[["1445.2","8.103"]],"bids":[["1406.3","0"],["1402","1.298"]]}}
1618677618.255697: {"m":"depth","symbol":"NEO/USDT", "data":{"ts":1618677617945,"seqnum":32164169259,"asks":[],"bids":[["94.551","11.01"],["94.478","22.02"],["94.461","11.2"],["93.307","1.15"]]}}
1618677618.565851: {"m":"depth","symbol":"CHZ/USDT", "data":{"ts":1618677618384,"seqnum":21034366140,"asks":[["0.636913","600"],["0.651397","0"]],"bids":[["0.607385","8797"],["0.601382","0"]]}}
1618677618.565989: {"m":"depth","symbol":"SRM/BTC", "data":{"ts":1618677618360,"seqnum":14844468756,"asks":[["0.000112543","0"],["0.000112574","66"]],"bids":[]}}
1618677618.566039: {"m":"depth","symbol":"ALTBULL/USDT", "data":{"ts":1618677618223,"seqnum":21031929389,"asks":[["1443.2","1.279"],["1444.3","0"]],"bids":[]}}
1618677618.566082: {"m":"depth","symbol":"NEO/USDT", "data":{"ts":1618677618329,"seqnum":32164169260,"asks":[["95.024","218.65"],["95.044","50.33"],["95.054","34.28"],["95.064","42.58"],["95.074","10.07"],["95.084","0"],["95.094","44.19"],["95.104","0.13"],["95.114","12.18"],["95.135","0"],["95.145","10.31"],["95.155","0"],["95.175","23.59"],["95.195","7.74"],["95.215","27.17"],["95.235","21.44"],["95.265","94.26"],["95.275","62.21"],["95.295","5.96"],["95.305","9.3"],["95.315","8.49"],["95.335","25.52"],["95.355","0"],["95.375","40.36"],["95.385","17.36"],["95.395","30.6"],["95.415","6.63"],["95.425","0"],["95.476","13.18"],["95.656","49.72"],["95.702","75.54"],["95.706","17.68"],["95.716","4.42"],["95.787","0"]],"bids":[["94.551","0"],["94.511","11.2"],["94.48","0"],["94.461","0"],["94.453","0"],["94.403","0"],["94.393","0"],["94.383","0.11"],["94.364","10.06"],["94.363","41.05"],["94.353","9.84"],["94.333","15.95"],["94.323","13.35"],["94.313","25.06"],["94.303","31.25"],["94.293","32.17"],["94.283","15.8"],["94.273","0"],["94.264","38.81"],["94.254","37.51"],["94.244","5.05"],["94.234","37.05"],["94.224","33.54"],["94.204","3.87"],["94.194","30.03"],["94.174","0.31"],["94.164","28.9"],["94.154","56.61"],["94.124","24.69"],["94.114","3.8"],["94.104","0"],["94.094","0"],["94.054","5.06"],["94.034","4.97"],["93.994","0"],["93.954","0.14"],["93.944","36.85"],["93.895","6.63"],["93.795","0"],["93.715","23.99"],["93.685","0"],["93.625","16.53"],["93.606","219.37"],["93.556","0"],["93.496","20.09"],["93.277","0"],["93.217","25.31"],["92.878","0"],["92.868","0"]]}}
1618677618.8739352: {"m":"depth","symbol":"SRM/BTC", "data":{"ts":1618677618697,"seqnum":14844468757,"asks":[["0.000112495","154"],["0.000112574","0"],["0.000112594","0"],["0.000112601","0"],["0.000112605","307"],["0.000112623","307"]],"bids":[]}}
1618677618.874157: {"m":"depth","symbol":"NEO/USDT", "data":{"ts":1618677618699,"seqnum":32164169261,"asks":[["95.855","0"]],"bids":[["94.511","0"],["94.478","0"]]}}
1618677619.094375: {"m":"depth","symbol":"ZIG/USDT", "data":{"ts":1618677618926,"seqnum":15360487480,"asks":[],"bids":[["0.096192","0"]]}}
1618677619.1036742: {"m":"depth","symbol":"ALTBULL/USDT", "data":{"ts":1618677618832,"seqnum":21031929390,"asks":[["1443.4","0"]],"bids":[]}}
1618677619.103824: {"m":"depth","symbol":"NEO/USDT", "data":{"ts":1618677618950,"seqnum":32164169262,"asks":[["94.803","11.56"],["94.804","12.12"],["94.875","0"],["94.996","0"]],"bids":[["94.543","3"],["94.471","11.01"],["94.424","22.03"]]}}
1618677619.103967: {"m":"depth","symbol":"CHZ/USDT", "data":{"ts":1618677618990,"seqnum":21034366141,"asks":[["0.63123","0"],["0.636914","2950"]],"bids":[]}}
1618677619.423242: {"m":"depth","symbol":"CHZ/USDT", "data":{"ts":1618677619260,"seqnum":21034366142,"asks":[["0.636914","2950"]],"bids":[["0.625236","1655"],["0.623781","0"]]}}
1618677619.423413: {"m":"depth","symbol":"ALTBULL/USDT", "data":{"ts":1618677619274,"seqnum":21031929391,"asks":[],"bids":[["1404.1","1.347"]]}}
1618677619.423477: {"m":"depth","symbol":"NEO/USDT", "data":{"ts":1618677619312,"seqnum":32164169263,"asks":[],"bids":[["94.543","0"],["94.464","3"],["94.424","22.03"],["94.421","11.2"]]}}
1618677619.423566: {"m":"depth","symbol":"SRM/BTC", "data":{"ts":1618677619062,"seqnum":14844468758,"asks":[["0.000112495","0"]],"bids":[]}}
1618677619.713161: {"m":"depth","symbol":"CHR/USDT", "data":{"ts":1618677619513,"seqnum":45632691684,"asks":[],"bids":[["0.37128","2639"],["0.36934","8122"]]}}
1618677619.745654: {"m":"depth","symbol":"ALTBULL/USDT", "data":{"ts":1618677619573,"seqnum":21031929392,"asks":[],"bids":[["1402","0"]]}}
1618677619.745805: {"m":"depth","symbol":"SRM/BTC", "data":{"ts":1618677619609,"seqnum":14844468759,"asks":[["0.000112525","154"],["0.000112555","0"],["0.000112623","0"]],"bids":[]}}
1618677619.745877: {"m":"depth","symbol":"NEO/USDT", "data":{"ts":1618677619511,"seqnum":32164169264,"asks":[],"bids":[["94.432","11.2"],["94.421","0"]]}}
1618677620.101602: {"m":"depth","symbol":"CHR/USDT", "data":{"ts":1618677619654,"seqnum":45632691685,"asks":[["0.39252","2598"]],"bids":[]}}
1618677620.1017432: {"m":"depth","symbol":"EGLD/USDT", "data":{"ts":1618677619770,"seqnum":14843382641,"asks":[],"bids":[["209.1818","0"]]}}
1618677620.1018188: {"m":"depth","symbol":"CHZ/USDT", "data":{"ts":1618677619889,"seqnum":21034366143,"asks":[["0.631605","677"],["0.636914","2273"]],"bids":[]}}
1618677620.10189: {"m":"depth","symbol":"SRM/BTC", "data":{"ts":1618677619842,"seqnum":14844468760,"asks":[["0.000112587","156"],["0.000112605","154"],["0.000112645","307"]],"bids":[]}}
1618677620.101986: {"m":"depth","symbol":"NEO/USDT", "data":{"ts":1618677619891,"seqnum":32164169265,"asks":[["94.972","0"]],"bids":[["94.472","11.2"],["94.432","0"]]}}
1618677620.372038: {"m":"depth","symbol":"EGLD/USDT", "data":{"ts":1618677620262,"seqnum":14843382642,"asks":[],"bids":[["209.182","10.76"]]}}
1618677620.37218: {"m":"depth","symbol":"CHZ/USDT", "data":{"ts":1618677620175,"seqnum":21034366144,"asks":[["0.631605","0"],["0.636912","677"]],"bids":[]}}
1618677620.372278: {"m":"depth","symbol":"SRM/BTC", "data":{"ts":1618677619997,"seqnum":14844468761,"asks":[["0.000112581","307"],["0.000112619","153"]],"bids":[]}}
1618677620.377527: {"m":"depth","symbol":"NEO/USDT", "data":{"ts":1618677620234,"seqnum":32164169266,"asks":[["94.832","22.02"],["94.964","35.32"],["94.974","121.3"],["94.994","41.05"],["95.024","205.93"],["95.044","118.37"],["95.054","32.72"],["95.064","10.9"],["95.074","55.92"],["95.084","31.75"],["95.094","10.93"],["95.104","25.04"],["95.114","12.86"],["95.145","24.78"],["95.155","10.29"],["95.175","0"],["95.185","3.76"],["95.195","7.74"],["95.205","21.41"],["95.215","0"],["95.225","5.15"],["95.235","12.43"],["95.255","38.82"],["95.265","53.05"],["95.275","49.9"],["95.285","9.46"],["95.295","0"],["95.305","0"],["95.315","0"],["95.335","21.24"],["95.365","7.19"],["95.375","54.83"],["95.385","24.8"],["95.395","15.28"],["95.405","0"],["95.415","0"],["95.445","0"],["95.456","0"],["95.556","66.69"],["95.566","19.89"],["95.656","35.97"],["95.666","9.88"],["95.787","4.57"]],"bids":[["94.464","0"],["94.384","3"],["94.383","0"],["94.363","2.82"],["94.353","0"],["94.343","170.97"],["94.333","62.92"],["94.323","0"],["94.313","0"],["94.303","113.94"],["94.293","12.28"],["94.283","11.43"],["94.273","11.09"],["94.264","41.3"],["94.254","0.11"],["94.244","13.07"],["94.234","0"],["94.224","25.35"],["94.214","19.29"],["94.204","43.83"],["94.194","0"],["94.184","56.64"],["94.174","69.31"],["94.164","50.36"],["94.154","64.21"],["94.114","0"],["94.054","2.08"],["94.034","0"],["94.004","1.2"],["93.994","1.65"],["93.974","5.2"],["93.964","4.89"],["93.944","29.24"],["93.895","0"],["93.875","8.23"],["93.845","7.68"],["93.835","0"],["93.815","1.09"],["93.725","0"],["93.715","11.55"],["93.625","57.42"],["93.566","18.65"],["93.496","0"],["93.476","18.97"],["93.436","223.68"],["93.366","13.28"],["93.217","0"],["93.147","19.98"],["92.997","0"],["92.928","24.81"],["92.904","1905.08"]]}}
1618677620.715765: {"m":"depth","symbol":"SRM/BTC", "data":{"ts":1618677620420,"seqnum":14844468762,"asks":[["0.000112567","3"]],"bids":[]}}
1618677620.715919: {"m":"depth","symbol":"CHZ/USDT", "data":{"ts":1618677620571,"seqnum":21034366145,"asks":[],"bids":[["0.624106","0"]]}}
1618677620.715998: {"m":"depth","symbol":"NEO/USDT", "data":{"ts":1618677620500,"seqnum":32164169267,"asks":[["94.803","0"],["94.816","11.56"]],"bids":[]}}
1618677621.023199: {"m":"depth","symbol":"CHZ/USDT", "data":{"ts":1618677620888,"seqnum":21034366146,"asks":[["0.631321","0"],["0.631548","1655"]],"bids":[["0.605796","0"]]}}
1618677621.0233889: {"m":"depth","symbol":"NEO/USDT", "data":{"ts":1618677620744,"seqnum":32164169268,"asks":[["94.803","11.56"],["94.816","0"]],"bids":[["94.472","11.2"],["94.424","22.03"]]}}
1618677621.327604: {"m":"depth","symbol":"CHR/USDT", "data":{"ts":1618677621191,"seqnum":45632691686,"asks":[["0.39252","0"]],"bids":[["0.37128","0"],["0.36934","0"]]}}
1618677621.32778: {"m":"depth","symbol":"CHZ/USDT", "data":{"ts":1618677621141,"seqnum":21034366147,"asks":[["0.636913","0"]],"bids":[["0.624526","1655"]]}}
1618677621.327871: {"m":"depth","symbol":"NEO/USDT", "data":{"ts":1618677621037,"seqnum":32164169269,"asks":[["94.939","0"]],"bids":[["94.471","0"]]}}
1618677621.6372411: {"m":"depth","symbol":"CHZ/USDT", "data":{"ts":1618677621376,"seqnum":21034366148,"asks":[["0.636911","600"],["0.655083","0"]],"bids":[["0.623898","0"]]}}
1618677621.637432: {"m":"depth","symbol":"NEO/USDT", "data":{"ts":1618677621400,"seqnum":32164169270,"asks":[["94.804","23.14"]],"bids":[["94.472","0"],["94.461","11.02"],["94.425","11.2"],["93.307","0"]]}}
1618677621.952088: {"m":"depth","symbol":"CHZ/USDT", "data":{"ts":1618677621702,"seqnum":21034366149,"asks":[],"bids":[["0.624475","3309"]]}}
1618677621.952229: {"m":"depth","symbol":"NEO/USDT", "data":{"ts":1618677621702,"seqnum":32164169271,"asks":[],"bids":[["94.462","11.2"],["94.425","0"]]}}
1618677622.249183: {"m":"depth","symbol":"EGLD/USDT", "data":{"ts":1618677621960,"seqnum":14843382643,"asks":[],"bids":[["209.1821","4.49"],["209.1819","0"]]}}
1618677622.249346: {"m":"depth","symbol":"CHZ/USDT", "data":{"ts":1618677622072,"seqnum":21034366150,"asks":[["0.631606","0"],["0.631993","5787"],["0.656859","5332"]],"bids":[["0.6248","0"]]}}
1618677622.249463: {"m":"depth","symbol":"NEO/USDT", "data":{"ts":1618677622087,"seqnum":32164169272,"asks":[["94.803","0"],["94.858","11.56"]],"bids":[["93.869","0"],["93.437","1.15"]]}}
1618677622.5591922: {"m":"depth","symbol":"CHZ/USDT", "data":{"ts":1618677622407,"seqnum":21034366151,"asks":[],"bids":[["0.626218","5789"],["0.607386","1876"]]}}
1618677622.55935: {"m":"depth","symbol":"ALTBULL/USDT", "data":{"ts":1618677622396,"seqnum":21031929393,"asks":[["1444.9","1.357"]],"bids":[]}}
1618677622.559415: {"m":"depth","symbol":"SRM/BTC", "data":{"ts":1618677622279,"seqnum":14844468763,"asks":[["0.000112525","0"]],"bids":[]}}
1618677622.559482: {"m":"depth","symbol":"NEO/USDT", "data":{"ts":1618677622193,"seqnum":32164169273,"asks":[["94.964","0"],["94.974","172.82"],["94.984","3.36"],["94.994","0"],["95.004","22.32"],["95.014","56.87"],["95.024","306.44"],["95.034","48.28"],["95.044","0.14"],["95.054","47.35"],["95.064","42.58"],["95.074","5.54"],["95.104","0"],["95.125","55.85"],["95.155","10.29"],["95.205","13.23"],["95.215","20.99"],["95.225","0"],["95.245","6.77"],["95.275","42.56"],["95.305","15.72"],["95.385","14.88"],["95.466","254.7"],["95.546","19.11"],["95.566","0"],["95.626","1.1"],["95.686","4.27"],["95.756","0"],["95.766","0"],["95.776","0"],["95.787","0"]],"bids":[["94.363","0"],["94.343","0"],["94.333","55.73"],["94.323","0.77"],["94.313","157.82"],["94.303","51.38"],["94.283","0"],["94.273","20.96"],["94.264","0"],["94.254","48.26"],["94.244","13.54"],["94.234","13.58"],["94.224","0"],["94.214","11.7"],["94.184","28.63"],["94.174","39.09"],["94.164","99.11"],["94.154","64.21"],["94.144","16.82"],["94.134","23.92"],["94.124","28.67"],["94.064","69.04"],["94.014","32.07"],["94.004","3"],["93.994","0"],["93.964","0"],["93.944","38.11"],["93.875","0"],["93.845","0.16"],["93.835","7.42"],["93.815","7.86"],["93.566","0"],["93.536","17.47"],["93.147","0"],["93.117","25.25"],["92.878","1.12"]]}}
1618677622.866567: {"m":"depth","symbol":"SRM/BTC", "data":{"ts":1618677622623,"seqnum":14844468764,"asks":[["0.000112516","154"]],"bids":[]}}
1618677622.866709: {"m":"depth","symbol":"CHZ/USDT", "data":{"ts":1618677622741,"seqnum":21034366152,"asks":[["0.631993","0"],["0.632239","5786"]],"bids":[["0.625042","1655"],["0.624258","0"]]}}
1618677622.866845: {"m":"depth","symbol":"ALTBULL/USDT", "data":{"ts":1618677622531,"seqnum":21031929394,"asks":[["1443.2","0"]],"bids":[]}}
1618677622.866884: {"m":"depth","symbol":"NEO/USDT", "data":{"ts":1618677622698,"seqnum":32164169274,"asks":[["94.858","0"],["94.882","11.56"],["95.461","10.06"],["95.578","0"]],"bids":[]}}
1618677623.173415: {"m":"depth","symbol":"EGLD/USDT", "data":{"ts":1618677622835,"seqnum":14843382644,"asks":[["216.8297","0"]],"bids":[]}}
1618677623.1735559: {"m":"depth","symbol":"SRM/BTC", "data":{"ts":1618677623024,"seqnum":14844468765,"asks":[["0.000112516","0"]],"bids":[]}}
1618677623.1736262: {"m":"depth","symbol":"NEO/USDT", "data":{"ts":1618677622985,"seqnum":32164169275,"asks":[["94.882","0"]],"bids":[]}}
1618677623.785056: {"m":"depth","symbol":"SRM/BTC", "data":{"ts":1618677623445,"seqnum":14844468766,"asks":[["0.000112529","154"]],"bids":[]}}
1618677623.785203: {"m":"depth","symbol":"NEO/USDT", "data":{"ts":1618677623683,"seqnum":32164169276,"asks":[["94.804","11.02"],["94.962","12.19"]],"bids":[["93.721","278.02"]]}}
1618677623.933064: {"m":"ping","hp":3}
wss://bitmax.io/0/api/pro/v1/stream <- 1618677623.933111: {"op":"pong"}
1618677624.07615: {"m":"depth","symbol":"EGLD/USDT", "data":{"ts":1618677623785,"seqnum":14843382645,"asks":[],"bids":[["209.182","0"]]}}
1618677624.087936: {"m":"depth","symbol":"ALTBULL/USDT", "data":{"ts":1618677623971,"seqnum":21031929395,"asks":[["1443","10.739"]],"bids":[]}}
1618677624.0880718: {"m":"depth","symbol":"NEO/USDT", "data":{"ts":1618677623941,"seqnum":32164169277,"asks":[["94.804","0"],["94.832","0"],["94.859","9.05"],["94.877","38.49"],["95.226","0"],["95.702","0"]],"bids":[["93.437","0"]]}}
1618677624.382132: {"m":"depth","symbol":"CHR/USDT", "data":{"ts":1618677624292,"seqnum":45632691687,"asks":[["0.39274","2638"]],"bids":[["0.37128","2638"],["0.36934","8122"]]}}
1618677624.382308: {"m":"depth","symbol":"EGLD/USDT", "data":{"ts":1618677624302,"seqnum":14843382646,"asks":[],"bids":[["209.1822","10.76"]]}}
1618677624.393777: {"m":"depth","symbol":"CHZ/USDT", "data":{"ts":1618677624305,"seqnum":21034366153,"asks":[["0.636912","0"]],"bids":[]}}
1618677624.396808: {"m":"depth","symbol":"NEO/USDT", "data":{"ts":1618677624300,"seqnum":32164169278,"asks":[["94.885","11.01"],["94.922","22.02"],["94.974","0"],["94.984","0"],["95.004","0"],["95.014","0"],["95.024","0"],["95.034","0"],["95.044","0"],["95.054","51.65"],["95.064","63.35"],["95.074","0"],["95.084","31.2"],["95.094","11.06"],["95.104","12.65"],["95.114","35.1"],["95.125","146.92"],["95.135","6.97"],["95.145","9.36"],["95.155","6.86"],["95.179","0"],["95.185","3.76"],["95.195","7.74"],["95.205","34.64"],["95.215","6.3"],["95.235","0"],["95.245","0"],["95.255","32.6"],["95.265","45.8"],["95.275","0"],["95.285","4.83"],["95.295","14.63"],["95.305","13.58"],["95.315","5.38"],["95.325","8.28"],["95.335","25.43"],["95.365","7.02"],["95.375","98.64"],["95.385","22.32"],["95.415","6.5"],["95.466","20.7"],["95.546","0"],["95.596","16.19"],["95.601","60.08"],["95.656","30"],["95.726","4.98"],["95.756","7.41"],["95.766","14.17"],["95.776","234"],["95.787","4.57"]],"bids":[["94.424","0"],["94.413","45.47"],["94.403","181.35"],["94.384","0"],["94.383","209.94"],["94.373","5.3"],["94.343","12.29"],["94.333","0"],["94.323","0.13"],["94.313","11.83"],["94.303","16.28"],["94.293","34.1"],["94.273","41.11"],["94.244","3.22"],["94.214","41.53"],["94.184","0"],["94.174","61.27"],["94.164","0"],["94.154","64.21"],["94.124","24.69"],["94.114","1.87"],["94.054","2.05"],["94.034","4.83"],["94.004","1.2"],["93.994","4"],["93.974","0"],["93.944","33.33"],["93.925","11.27"],["93.905","208"],["93.885","8.35"],["93.865","8.08"],["93.835","0"],["93.815","1.09"],["93.536","0"],["93.187","0"],["93.117","0"],["93.087","0"],["92.928","0"],["92.904","0"],["92.878","0"]]}}
1618677624.707076: {"m":"depth","symbol":"CHZ/USDT", "data":{"ts":1618677624332,"seqnum":21034366154,"asks":[["0.632238","677"]],"bids":[]}}
1618677624.707222: {"m":"depth","symbol":"ALTBULL/USDT", "data":{"ts":1618677624635,"seqnum":21031929396,"asks":[["1442.7","1.331"]],"bids":[]}}
1618677624.707299: {"m":"depth","symbol":"NEO/USDT", "data":{"ts":1618677624516,"seqnum":32164169279,"asks":[["94.86","11"],["94.877","0"],["94.897","38.5"]],"bids":[["94.481","22.02"],["94.464","13.64"],["94.463","3"],["94.462","0"],["93.307","1.15"]]}}
1618677625.118798: {"m":"depth","symbol":"ALTBULL/USDT", "data":{"ts":1618677624827,"seqnum":21031929397,"asks":[["1445.2","0"]],"bids":[]}}
1618677625.424747: {"m":"depth","symbol":"CHZ/USDT", "data":{"ts":1618677625223,"seqnum":21034366155,"asks":[["0.636911","0"],["0.636913","600"]],"bids":[]}}
1618677625.424912: {"m":"depth","symbol":"ALTBULL/USDT", "data":{"ts":1618677625038,"seqnum":21031929398,"asks":[["1444.9","0"]],"bids":[]}}
1618677625.4249809: {"m":"depth","symbol":"SRM/BTC", "data":{"ts":1618677625142,"seqnum":14844468767,"asks":[["0.000112591","153"],["0.000112619","0"]],"bids":[]}}
1618677625.425056: {"m":"depth","symbol":"NEO/USDT", "data":{"ts":1618677625247,"seqnum":32164169280,"asks":[["94.897","0"],["94.907","38.5"],["95.054","51.38"],["95.064","9.55"],["95.074","3.47"],["95.084","39.87"],["95.094","43.23"],["95.114","0"],["95.125","28.65"],["95.145","20.07"],["95.155","17.94"],["95.165","22.89"],["95.195","11.61"],["95.205","39.45"],["95.255","32.6"],["95.305","59.88"],["95.405","8.05"],["95.476","0"],["95.787","0"]],"bids":[["94.464","0"],["94.433","6.59"],["94.413","0"],["94.383","166.23"],["94.373","47.68"],["94.313","48.54"],["94.303","11.26"],["94.254","51.76"],["94.244","5.6"],["94.224","19.82"],["94.204","43.83"],["94.144","0"],["94.134","0"],["94.014","26.21"],["93.925","5.4"],["93.197","23.45"]]}}
1618677625.624279: {"m":"depth","symbol":"EGLD/USDT", "data":{"ts":1618677625543,"seqnum":14843382647,"asks":[["216.8302","0"]],"bids":[]}}
1618677625.641477: {"m":"depth","symbol":"SRM/BTC", "data":{"ts":1618677625293,"seqnum":14844468768,"asks":[["0.000112581","0"]],"bids":[]}}
1618677625.6416261: {"m":"depth","symbol":"CHZ/USDT", "data":{"ts":1618677625555,"seqnum":21034366156,"asks":[["0.632238","0"],["0.63691","677"]],"bids":[]}}
1618677625.6417222: {"m":"depth","symbol":"NEO/USDT", "data":{"ts":1618677625557,"seqnum":32164169281,"asks":[["94.922","0"]],"bids":[["94.482","13.59"]]}}
1618677625.94324: {"m":"depth","symbol":"SRM/BTC", "data":{"ts":1618677625660,"seqnum":14844468769,"asks":[["0.000112561","307"]],"bids":[]}}
1618677625.943382: {"m":"trades","symbol":"NEO/USDT","data":[{"p":"94.595","q":"1.04","ts":1618677625691,"bm":true,"seqnum":36028838561668184}]}
1618677626.256097: {"m":"depth","symbol":"CHR/USDT", "data":{"ts":1618677626103,"seqnum":45632691688,"asks":[["0.39274","0"]],"bids":[["0.37128","0"],["0.36934","0"]]}}
1618677626.256217: {"m":"depth","symbol":"CHZ/USDT", "data":{"ts":1618677626176,"seqnum":21034366157,"asks":[["0.63691","0"],["0.636913","0"]],"bids":[]}}
1618677626.2562711: {"m":"depth","symbol":"SRM/BTC", "data":{"ts":1618677626078,"seqnum":14844468770,"asks":[["0.000112567","0"]],"bids":[]}}
1618677626.25631: {"m":"depth","symbol":"NEO/USDT", "data":{"ts":1618677625909,"seqnum":32164169282,"asks":[["94.922","22.02"]],"bids":[]}}
1618677626.5528488: {"m":"depth","symbol":"EGLD/USDT", "data":{"ts":1618677626287,"seqnum":14843382648,"asks":[["216.8295","0.03"]],"bids":[]}}
1618677626.566311: {"m":"depth","symbol":"CHZ/USDT", "data":{"ts":1618677626463,"seqnum":21034366158,"asks":[["0.631548","0"],["0.632238","677"],["0.632239","0"],["0.636909","600"]],"bids":[["0.626218","0"],["0.625236","0"],["0.624526","0"]]}}
1618677626.566551: {"m":"depth","symbol":"NEO/USDT", "data":{"ts":1618677626460,"seqnum":32164169283,"asks":[["94.86","0"],["94.907","0"]],"bids":[["94.482","0"],["94.445","11.97"],["93.307","0"]]}}
1618677626.9640372: {"m":"depth","symbol":"EGLD/USDT", "data":{"ts":1618677626750,"seqnum":14843382649,"asks":[],"bids":[["209.1382","0"]]}}
1618677626.964194: {"m":"depth","symbol":"CHZ/USDT", "data":{"ts":1618677626595,"seqnum":21034366159,"asks":[],"bids":[["0.625055","1652"]]}}
1618677626.9642692: {"m":"depth","symbol":"SRM/BTC", "data":{"ts":1618677626537,"seqnum":14844468771,"asks":[["0.000112609","538"]],"bids":[]}}
1618677626.964332: {"m":"depth","symbol":"NEO/USDT", "data":{"ts":1618677626738,"seqnum":32164169284,"asks":[],"bids":[["94.461","0"],["94.445","0"],["94.444","11.97"]]}}
1618677627.268064: {"m":"depth","symbol":"EGLD/USDT", "data":{"ts":1618677626883,"seqnum":14843382650,"asks":[["216.8294","4.49"],["216.8296","0"]],"bids":[["209.1823","4.49"],["209.1821","0"],["209.1558","9.7"]]}}
1618677627.2682061: {"m":"depth","symbol":"CHZ/USDT", "data":{"ts":1618677626988,"seqnum":21034366160,"asks":[],"bids":[["0.624475","0"]]}}
1618677627.268251: {"m":"depth","symbol":"NEO/USDT", "data":{"ts":1618677627099,"seqnum":32164169285,"asks":[["94.812","12.48"],["94.962","0"]],"bids":[["94.482","11.97"],["94.478","11.01"],["94.444","0"],["93.626","1.15"]]}}
1618677627.4882822: {"m":"depth","symbol":"CHR/USDT", "data":{"ts":1618677627271,"seqnum":45632691689,"asks":[],"bids":[["0.34533","0"]]}}
1618677627.497015: {"m":"depth","symbol":"CHZ/USDT", "data":{"ts":1618677627306,"seqnum":21034366161,"asks":[["0.636909","0"],["0.636913","600"]],"bids":[["0.625158","3303"]]}}
1618677627.497194: {"m":"depth","symbol":"NEO/USDT", "data":{"ts":1618677627222,"seqnum":32164169286,"asks":[["94.994","41.05"],["95.034","13.4"],["95.044","45.47"],["95.054","67.57"],["95.064","38.8"],["95.074","0.11"],["95.084","0"],["95.094","10.93"],["95.104","0"],["95.145","0"],["95.155","6.86"],["95.165","0"],["95.185","8.63"],["95.195","60.14"],["95.205","43.54"],["95.235","37.51"],["95.255","34.33"],["95.295","17.47"],["95.305","24.07"],["95.335","21.24"],["95.375","78.46"],["95.405","16.11"],["95.415","0"],["95.496","0"],["95.586","4.24"],["95.787","4.57"],["95.817","19.61"]],"bids":[["94.433","0"],["94.403","0"],["94.383","0"],["94.373","0"],["94.363","0.1"],["94.343","0.94"],["94.333","50.33"],["94.323","0"],["94.313","5.17"],["94.293","0.12"],["94.273","31.15"],["94.264","31.86"],["94.254","3.5"],["94.244","25.35"],["94.214","6.43"],["94.204","43.83"],["94.184","7.08"],["94.154","102.24"],["94.114","0"],["94.074","6.78"],["94.034","0"],["93.984","5.24"],["93.745","67.03"],["93.625","0"],["93.187","0.13"],["93.087","0.27"],["93.033","1799.4"]]}}
1618677627.807853: {"m":"depth","symbol":"ALTBULL/USDT", "data":{"ts":1618677627608,"seqnum":21031929399,"asks":[],"bids":[["1404.1","0"]]}}
1618677628.189613: {"m":"depth","symbol":"ROOM/USDT", "data":{"ts":1618677627766,"seqnum":15303408702,"asks":[],"bids":[["1.7947","0"]]}}
1618677628.189759: {"m":"depth","symbol":"EGLD/USDT", "data":{"ts":1618677627803,"seqnum":14843382651,"asks":[],"bids":[["209.1822","0"]]}}
1618677628.189829: {"m":"depth","symbol":"CHZ/USDT", "data":{"ts":1618677627955,"seqnum":21034366162,"asks":[],"bids":[["0.625088","1652"],["0.625042","0"]]}}
1618677628.1899168: {"m":"depth","symbol":"NEO/USDT", "data":{"ts":1618677627876,"seqnum":32164169287,"asks":[["94.811","10.79"],["94.859","0"]],"bids":[]}}
1618677628.4985652: {"m":"depth","symbol":"EGLD/USDT", "data":{"ts":1618677628298,"seqnum":14843382652,"asks":[],"bids":[["209.1824","10.76"]]}}
1618677628.4987059: {"m":"depth","symbol":"NEO/USDT", "data":{"ts":1618677628350,"seqnum":32164169288,"asks":[["94.811","0"],["94.875","10.79"]],"bids":[]}}
1618677628.78468: {"m":"depth","symbol":"SRM/BTC", "data":{"ts":1618677628581,"seqnum":14844468772,"asks":[["0.00011255","3"],["0.000112609","0"]],"bids":[]}}
1618677628.7848582: {"m":"depth","symbol":"NEO/USDT", "data":{"ts":1618677628607,"seqnum":32164169289,"asks":[["94.812","0"],["94.875","0"]],"bids":[["94.482","0"]]}}
1618677629.092523: {"m":"depth","symbol":"CHR/USDT", "data":{"ts":1618677628916,"seqnum":45632691690,"asks":[],"bids":[["0.36934","8122"]]}}
1618677629.120022: {"m":"depth","symbol":"CHZ/USDT", "data":{"ts":1618677628951,"seqnum":21034366163,"asks":[],"bids":[["0.607386","0"]]}}
1618677629.120169: {"m":"depth","symbol":"NEO/USDT", "data":{"ts":1618677628874,"seqnum":32164169290,"asks":[["94.875","9.53"],["94.885","0"],["94.922","0"],["94.965","12.51"]],"bids":[["94.482","13.22"],["93.626","0"]]}}
1618677629.1203148: {"m":"depth","symbol":"SRM/BTC", "data":{"ts":1618677629013,"seqnum":14844468773,"asks":[["0.000112529","0"],["0.00011255","0"],["0.000112561","0"],["0.000112591","0"],["0.000112616","153"],["0.000112632","538"],["0.000112645","0"],["0.000112673","307"]],"bids":[]}}
1618677629.519503: {"m":"depth","symbol":"CHZ/USDT", "data":{"ts":1618677629251,"seqnum":21034366164,"asks":[["0.632238","0"]],"bids":[]}}
1618677629.519644: {"m":"depth","symbol":"SRM/BTC", "data":{"ts":1618677629322,"seqnum":14844468774,"asks":[["0.000112568","153"],["0.0001126","307"],["0.000112605","0"],["0.000112624","154"],["0.000112632","0"],["0.000112717","538"]],"bids":[]}}
1618677629.5197818: {"m":"depth","symbol":"NEO/USDT", "data":{"ts":1618677629206,"seqnum":32164169291,"asks":[["94.875","0"],["94.899","11.01"],["94.932","22.01"],["94.994","0"],["95.034","0"],["95.054","0"],["95.064","0"],["95.074","41.05"],["95.094","0"],["95.125","0.14"],["95.135","0.25"],["95.145","20.47"],["95.155","59.84"],["95.185","0"],["95.195","4.55"],["95.205","37.88"],["95.215","0"],["95.225","13.92"],["95.235","0"],["95.255","28.28"],["95.265","42.98"],["95.285","0"],["95.295","0"],["95.305","5.17"],["95.315","0"],["95.325","1.61"],["95.335","21.24"],["95.345","7.03"],["95.355","11.79"],["95.365","37.05"],["95.375","12.65"],["95.385","45"],["95.395","0"],["95.405","0"],["95.415","37.54"],["95.445","7.12"],["95.466","7.87"],["95.556","0"],["95.596","0"],["95.656","118.88"],["95.817","0"],["95.837","7.41"],["95.847","3.8"],["95.857","5.85"],["95.897","33.03"],["95.907","3.01"],["95.937","8.22"],["95.947","6.32"],["95.957","6.52"],["95.967","19.76"],["95.977","51.99"]],"bids":[["94.463","154.73"],["94.433","65.95"],["94.423","52.03"],["94.403","189.47"],["94.383","10.61"],["94.363","0.11"],["94.353","9.66"],["94.343","0"],["94.333","49.2"],["94.323","17.33"],["94.313","24.21"],["94.303","0"],["94.293","0"],["94.283","20.8"],["94.273","11.09"],["94.264","0"],["94.254","39.39"],["94.244","0"],["94.234","39.64"],["94.214","6.43"],["94.204","43.83"],["94.184","29.97"],["94.174","39.09"],["94.154","64.21"],["94.134","1.98"],["94.104","1.85"],["94.074","0"],["94.054","5.09"],["94.034","4.9"],["94.014","2.87"],["93.994","5.17"],["93.984","0"],["93.925","18.67"],["93.915","6.99"],["93.885","0"],["93.865","0"],["93.625","16.66"],["93.267","0"],["93.197","0"],["93.187","0"],["93.087","0"]]}}
1618677629.729407: {"m":"depth","symbol":"SRM/BTC", "data":{"ts":1618677629589,"seqnum":14844468775,"asks":[["0.000112673","0"],["0.000112692","307"]],"bids":[]}}
1618677629.7295759: {"m":"depth","symbol":"CHZ/USDT", "data":{"ts":1618677629434,"seqnum":21034366165,"asks":[["0.636908","677"],["0.656859","0"]],"bids":[]}}
1618677629.729666: {"m":"depth","symbol":"NEO/USDT", "data":{"ts":1618677629614,"seqnum":32164169292,"asks":[["94.932","0"]],"bids":[["94.481","0"],["93.607","1.15"]]}}
1618677630.099922: {"m":"depth","symbol":"SRM/BTC", "data":{"ts":1618677629828,"seqnum":14844468776,"asks":[["0.000112616","0"],["0.000112692","0"]],"bids":[]}}
1618677630.444005: {"m":"depth","symbol":"CHZ/USDT", "data":{"ts":1618677630178,"seqnum":21034366166,"asks":[["0.636907","600"],["0.636913","0"],["0.686962","5332"]],"bids":[]}}
1618677630.444184: {"m":"depth","symbol":"SRM/BTC", "data":{"ts":1618677630213,"seqnum":14844468777,"asks":[["0.000112568","0"],["0.000112688","153"],["0.000112753","307"]],"bids":[]}}
1618677630.444281: {"m":"depth","symbol":"NEO/USDT", "data":{"ts":1618677630227,"seqnum":32164169293,"asks":[["94.899","0"],["94.951","22.01"],["94.967","11.11"]],"bids":[["94.525","11.65"],["94.524","22.01"],["94.482","0"]]}}
1618677630.751263: {"m":"depth","symbol":"ZIG/USDT", "data":{"ts":1618677630535,"seqnum":15360487481,"asks":[["0.097998","415"]],"bids":[]}}
1618677630.751403: {"m":"depth","symbol":"EGLD/USDT", "data":{"ts":1618677630353,"seqnum":14843382653,"asks":[],"bids":[["209.1825","4.49"],["209.1823","0"]]}}
1618677630.751492: {"m":"depth","symbol":"SRM/BTC", "data":{"ts":1618677630439,"seqnum":14844468778,"asks":[["0.000112594","153"]],"bids":[]}}
1618677630.75155: {"m":"depth","symbol":"CHZ/USDT", "data":{"ts":1618677630425,"seqnum":21034366167,"asks":[["0.636912","2273"],["0.636914","0"]],"bids":[["0.622904","1829"],["0.610777","18122"],["0.605795","0"]]}}
1618677630.751657: {"m":"depth","symbol":"NEO/USDT", "data":{"ts":1618677630564,"seqnum":32164169294,"asks":[["94.875","11.11"],["94.945","11.01"],["94.967","0"]],"bids":[["94.525","0"]]}}
1618677630.966471: {"m":"depth","symbol":"NEO/USDT", "data":{"ts":1618677630580,"seqnum":32164169295,"asks":[],"bids":[["94.453","10.27"]]}}
1618677631.362676: {"m":"depth","symbol":"ZIG/USDT", "data":{"ts":1618677631174,"seqnum":15360487482,"asks":[],"bids":[["0.090862","0"]]}}
1618677631.3628201: {"m":"depth","symbol":"ROOM/USDT", "data":{"ts":1618677631002,"seqnum":15303408703,"asks":[],"bids":[["1.7947","167.2"]]}}
1618677631.6699488: {"m":"depth","symbol":"CHZ/USDT", "data":{"ts":1618677631455,"seqnum":21034366168,"asks":[["0.636906","2273"],["0.636912","0"]],"bids":[]}}
1618677631.670114: {"m":"depth","symbol":"NEO/USDT", "data":{"ts":1618677631419,"seqnum":32164169296,"asks":[["95.044","0"],["95.084","11.81"],["95.114","129"],["95.125","12.24"],["95.135","38.17"],["95.145","3.36"],["95.155","39.69"],["95.185","45.08"],["95.195","9.56"],["95.215","13.57"],["95.225","0"],["95.255","31.82"],["95.265","50.3"],["95.285","7.73"],["95.305","18.74"],["95.325","1.61"],["95.335","21.24"],["95.345","11.45"],["95.355","9.1"],["95.365","4.58"],["95.385","54.93"],["95.395","13.22"],["95.415","0"],["95.445","20.75"],["95.456","58.24"],["95.476","15.28"],["95.766","7.96"],["95.787","9.79"],["95.857","21.72"],["95.937","0"],["95.947","0"],["95.957","0"],["95.967","0"],["95.977","0"]],"bids":[["94.483","10.11"],["94.463","3"],["94.433","0"],["94.423","0"],["94.403","181.35"],["94.393","0.23"],["94.363","11.07"],["94.343","61.6"],["94.333","37.09"],["94.323","0"],["94.244","5.6"],["94.194","58.41"],["94.184","22.89"],["94.064","0"],["93.994","0"],["93.925","12.81"],["93.721","0"],["93.607","0"],["93.536","17.24"],["93.476","0"],["93.267","4.92"],["93.245","1993.53"],["93.033","0"]]}}
1618677631.897763: {"m":"depth","symbol":"XDAI/USDT", "data":{"ts":1618677631756,"seqnum":14842030536,"asks":[],"bids":[["1.0004","0"]]}}
1618677631.897907: {"m":"depth","symbol":"CHZ/USDT", "data":{"ts":1618677631759,"seqnum":21034366169,"asks":[],"bids":[["0.625055","0"]]}}
1618677631.897978: {"m":"depth","symbol":"SRM/BTC", "data":{"ts":1618677631641,"seqnum":14844468779,"asks":[],"bids":[["0.00011224","122"]]}}
1618677631.909137: {"m":"depth","symbol":"CHR/USDT", "data":{"ts":1618677631544,"seqnum":45632691691,"asks":[],"bids":[["0.34532","869"]]}}
1618677632.203159: {"m":"depth","symbol":"EGLD/USDT", "data":{"ts":1618677631856,"seqnum":14843382654,"asks":[],"bids":[["209.1824","0"]]}}
1618677632.2033012: {"m":"depth","symbol":"XDAI/USDT", "data":{"ts":1618677632079,"seqnum":14842030537,"asks":[],"bids":[["1.0004","15.4"]]}}
1618677632.203373: {"m":"depth","symbol":"CHZ/USDT", "data":{"ts":1618677632128,"seqnum":21034366170,"asks":[["0.636907","0"]],"bids":[]}}
1618677632.203439: {"m":"depth","symbol":"NEO/USDT", "data":{"ts":1618677632030,"seqnum":32164169297,"asks":[],"bids":[["94.453","0"],["94.441","10.27"],["93.626","1.15"]]}}
1618677632.51474: {"m":"depth","symbol":"EGLD/USDT", "data":{"ts":1618677632332,"seqnum":14843382655,"asks":[],"bids":[["209.1826","10.76"]]}}
1618677632.5148768: {"m":"depth","symbol":"CHZ/USDT", "data":{"ts":1618677632218,"seqnum":21034366171,"asks":[["0.636904","600"]],"bids":[["0.625859","1647"]]}}
1618677632.5149598: {"m":"depth","symbol":"NEO/USDT", "data":{"ts":1618677632226,"seqnum":32164169298,"asks":[],"bids":[["94.478","0"]]}}
1618677632.901824: {"m":"depth","symbol":"CHZ/USDT", "data":{"ts":1618677632533,"seqnum":21034366172,"asks":[],"bids":[["0.625158","0"]]}}
1618677632.901972: {"m":"depth","symbol":"ALTBULL/USDT", "data":{"ts":1618677632446,"seqnum":21031929400,"asks":[],"bids":[["1403","1.349"]]}}
1618677632.9020438: {"m":"depth","symbol":"NEO/USDT", "data":{"ts":1618677632556,"seqnum":32164169299,"asks":[],"bids":[["94.507","11.01"]]}}
1618677633.205884: {"m":"depth","symbol":"SRM/BTC", "data":{"ts":1618677632988,"seqnum":14844468780,"asks":[],"bids":[["0.000112241","66"]]}}
1618677633.206023: {"m":"depth","symbol":"CHZ/USDT", "data":{"ts":1618677632860,"seqnum":21034366173,"asks":[],"bids":[["0.625814","3295"]]}}
1618677633.2060921: {"m":"depth","symbol":"NEO/USDT", "data":{"ts":1618677632930,"seqnum":32164169300,"asks":[["95.531","0"]],"bids":[]}}
1618677633.5141492: {"m":"depth","symbol":"CHZ/USDT", "data":{"ts":1618677633193,"seqnum":21034366174,"asks":[["0.636903","13"]],"bids":[["0.625396","1644"],["0.625088","0"],["0.624085","3289"],["0.622903","0"]]}}
1618677634.0669298: {"m":"depth","symbol":"EGLD/USDT", "data":{"ts":1618677633817,"seqnum":14843382656,"asks":[],"bids":[["209.1827","4.49"],["209.1825","0"]]}}
1618677634.0670888: {"m":"depth","symbol":"CHZ/USDT", "data":{"ts":1618677633851,"seqnum":21034366175,"asks":[["0.636902","2273"],["0.636906","0"]],"bids":[]}}
1618677634.087935: {"m":"trades","symbol":"ROOM/USDT","data":[{"p":"1.9197","q":"43.4","ts":1618677633751,"bm":true,"seqnum":144115207815068068}]}
1618677634.088031: {"m":"depth","symbol":"NEO/USDT", "data":{"ts":1618677633967,"seqnum":32164169301,"asks":[],"bids":[["93.734","374.2"]]}}
1618677634.3642828: {"m":"depth","symbol":"ZIG/USDT", "data":{"ts":1618677634250,"seqnum":15360487483,"asks":[],"bids":[["0.090708","3307"]]}}
1618677634.374966: {"m":"depth","symbol":"CHZ/USDT", "data":{"ts":1618677634228,"seqnum":21034366176,"asks":[["0.6369","600"],["0.636904","0"]],"bids":[["0.622904","0"]]}}
1618677634.375149: {"m":"depth","symbol":"NEO/USDT", "data":{"ts":1618677634274,"seqnum":32164169302,"asks":[["95.074","0"],["95.084","0"],["95.104","59.27"],["95.114","164.1"],["95.125","61.64"],["95.135","0.14"],["95.145","96.67"],["95.155","20.56"],["95.165","22.89"],["95.195","4.55"],["95.205","36.56"],["95.596","195"],["95.636","18.75"],["95.706","0"],["95.907","0"]],"bids":[["94.525","10.27"],["94.483","1.28"],["94.441","0"],["94.433","12.67"],["94.413","12.14"],["94.403","341"],["94.393","2.1"],["94.373","0.12"],["94.363","11.19"],["94.353","9.55"],["94.343","48.78"],["94.333","49.44"],["94.303","12.51"],["94.283","52"],["94.273","0"],["94.254","10.14"],["94.244","54.42"],["94.234","93.94"],["94.224","19.82"],["94.214","25.74"],["94.204","0"],["94.184","0"],["94.174","0.31"],["93.267","0"]]}}
1618677634.683181: {"m":"depth","symbol":"SRM/BTC", "data":{"ts":1618677634591,"seqnum":14844468781,"asks":[["0.0001126","0"]],"bids":[]}}
1618677634.683329: {"m":"depth","symbol":"NEO/USDT", "data":{"ts":1618677634522,"seqnum":32164169303,"asks":[["94.875","0"],["94.923","12.49"]],"bids":[]}}
1618677635.052014: {"m":"depth","symbol":"CHZ/USDT", "data":{"ts":1618677634711,"seqnum":21034366177,"asks":[],"bids":[["0.624086","1826"]]}}
1618677635.0521119: {"m":"depth","symbol":"NEO/USDT", "data":{"ts":1618677634912,"seqnum":32164169304,"asks":[["94.875","12.49"],["94.923","0"]],"bids":[["94.525","10.27"]]}}
1618677635.360694: {"m":"depth","symbol":"SRM/BTC", "data":{"ts":1618677634966,"seqnum":14844468782,"asks":[["0.000112588","307"]],"bids":[]}}
1618677635.360836: {"m":"depth","symbol":"NEO/USDT", "data":{"ts":1618677634929,"seqnum":32164169305,"asks":[],"bids":[["94.525","0"]]}}
1618677635.663674: {"m":"depth","symbol":"ZIG/USDT", "data":{"ts":1618677635458,"seqnum":15360487484,"asks":[["0.097998","0"]],"bids":[]}}
1618677635.663817: {"m":"depth","symbol":"NEO/USDT", "data":{"ts":1618677635239,"seqnum":32164169306,"asks":[],"bids":[["94.524","0"]]}}
1618677635.939753: {"m":"depth","symbol":"EGLD/USDT", "data":{"ts":1618677635831,"seqnum":14843382657,"asks":[],"bids":[["209.1826","0"]]}}
1618677635.939896: {"m":"depth","symbol":"NEO/USDT", "data":{"ts":1618677635629,"seqnum":32164169307,"asks":[["94.945","0"],["94.951","0"]],"bids":[["94.533","22.02"],["93.734","0"]]}}
1618677636.238105: {"m":"depth","symbol":"NEO/USDT", "data":{"ts":1618677636088,"seqnum":32164169308,"asks":[["94.914","11.01"],["94.918","22.02"]],"bids":[["94.523","10.27"]]}}
1618677636.588494: {"m":"depth","symbol":"EGLD/USDT", "data":{"ts":1618677636376,"seqnum":14843382658,"asks":[],"bids":[["209.1828","10.76"]]}}
1618677636.588634: {"m":"depth","symbol":"CHZ/USDT", "data":{"ts":1618677636388,"seqnum":21034366178,"asks":[["0.636899","2273"],["0.636902","0"]],"bids":[]}}
1618677636.58873: {"m":"depth","symbol":"SRM/BTC", "data":{"ts":1618677636470,"seqnum":14844468783,"asks":[["0.000112665","153"],["0.000112688","0"]],"bids":[["0.000112241","0"]]}}
1618677636.588829: {"m":"depth","symbol":"NEO/USDT", "data":{"ts":1618677636343,"seqnum":32164169309,"asks":[["94.875","0"],["94.914","23.5"],["95.064","74.81"],["95.104","11.14"],["95.114","11.7"],["95.125","74.49"],["95.135","121.48"],["95.145","34.36"],["95.165","5.72"],["95.185","33.81"],["95.195","29.59"],["95.205","31.26"],["95.215","19.02"],["95.305","18.74"],["95.385","64.86"],["95.415","6.19"],["95.857","0"],["95.897","0"]],"bids":[["94.534","10.27"],["94.523","0"],["94.483","0.51"],["94.433","0"],["94.413","0"],["94.403","229.03"],["94.393","22.54"],["94.383","11.04"],["94.373","99.55"],["94.363","11.07"],["94.353","9.66"],["94.343","48.93"],["94.303","46.52"],["94.283","31.2"],["94.273","11.07"],["94.254","31.6"],["94.244","49.4"],["94.234","80.35"],["93.267","4.92"]]}}
1618677636.8956878: {"m":"depth","symbol":"SRM/BTC", "data":{"ts":1618677636681,"seqnum":14844468784,"asks":[["0.000112665","0"]],"bids":[["0.000112241","66"]]}}
1618677636.895863: {"m":"depth","symbol":"ALTBULL/USDT", "data":{"ts":1618677636580,"seqnum":21031929401,"asks":[["1442.7","0"]],"bids":[]}}
1618677636.89593: {"m":"depth","symbol":"NEO/USDT", "data":{"ts":1618677636539,"seqnum":32164169310,"asks":[["94.914","11.01"]],"bids":[]}}
1618677636.8959758: {"m":"depth","symbol":"CHR/USDT", "data":{"ts":1618677636637,"seqnum":45632691692,"asks":[["0.39673","0"],["0.39717","1164"]],"bids":[]}}
1618677637.2030568: {"m":"depth","symbol":"SRM/BTC", "data":{"ts":1618677637027,"seqnum":14844468785,"asks":[["0.000112594","0"],["0.000112685","153"]],"bids":[["0.000112241","0"]]}}
1618677637.203242: {"m":"depth","symbol":"NEO/USDT", "data":{"ts":1618677636859,"seqnum":32164169311,"asks":[["94.938","12.49"]],"bids":[["93.626","0"]]}}
1618677637.506755: {"m":"depth","symbol":"CHZ/USDT", "data":{"ts":1618677637226,"seqnum":21034366179,"asks":[["0.636898","600"],["0.6369","0"]],"bids":[]}}
1618677637.506929: {"m":"depth","symbol":"SRM/BTC", "data":{"ts":1618677637360,"seqnum":14844468786,"asks":[["0.000112529","69"],["0.000112576","153"],["0.000112583","0"]],"bids":[["0.000112231","66"],["0.000112101","0"],["0.000112047","55"]]}}
1618677637.507062: {"m":"depth","symbol":"NEO/USDT", "data":{"ts":1618677637315,"seqnum":32164169312,"asks":[["94.938","0"],["95.335","761.27"]],"bids":[]}}
1618677637.821121: {"m":"depth","symbol":"CHZ/USDT", "data":{"ts":1618677637509,"seqnum":21034366180,"asks":[],"bids":[["0.625859","0"]]}}
1618677637.821265: {"m":"depth","symbol":"SRM/BTC", "data":{"ts":1618677637669,"seqnum":14844468787,"asks":[],"bids":[["0.000112231","0"]]}}
1618677637.8213382: {"m":"depth","symbol":"NEO/USDT", "data":{"ts":1618677637675,"seqnum":32164169313,"asks":[["94.904","12.49"],["94.918","0"]],"bids":[["93.607","1.15"]]}}
1618677638.125062: {"m":"depth","symbol":"CHZ/USDT", "data":{"ts":1618677637895,"seqnum":21034366181,"asks":[],"bids":[["0.626573","1646"]]}}
1618677638.1251998: {"m":"depth","symbol":"SRM/BTC", "data":{"ts":1618677637895,"seqnum":14844468788,"asks":[],"bids":[["0.000112229","66"]]}}
1618677638.125272: {"m":"depth","symbol":"NEO/USDT", "data":{"ts":1618677637980,"seqnum":32164169314,"asks":[["94.875","12.49"],["94.904","0"],["94.918","22.01"]],"bids":[["94.534","0"],["94.507","0"]]}}
1618677638.428768: {"m":"depth","symbol":"CHZ/USDT", "data":{"ts":1618677638256,"seqnum":21034366182,"asks":[],"bids":[["0.625396","0"]]}}
1618677638.4289122: {"m":"depth","symbol":"NEO/USDT", "data":{"ts":1618677638200,"seqnum":32164169315,"asks":[],"bids":[["93.849","445.49"]]}}
1618677638.428991: {"m":"depth","symbol":"ALTBULL/USDT", "data":{"ts":1618677638174,"seqnum":21031929402,"asks":[["1442.7","1.345"]],"bids":[]}}
1618677638.7137961: {"m":"depth","symbol":"CHZ/USDT", "data":{"ts":1618677638412,"seqnum":21034366183,"asks":[],"bids":[["0.625867","1644"],["0.625814","0"]]}}
1618677638.7139578: {"m":"depth","symbol":"SRM/BTC", "data":{"ts":1618677638565,"seqnum":14844468789,"asks":[["0.000112528","66"]],"bids":[]}}
1618677638.7140281: {"m":"depth","symbol":"NEO/USDT", "data":{"ts":1618677638318,"seqnum":32164169316,"asks":[],"bids":[["94.528","11.01"]]}}
1618677638.948045: {"m":"ping","hp":3}
wss://bitmax.io/0/api/pro/v1/stream <- 1618677638.948098: {"op":"pong"}
1618677639.022563: {"m":"depth","symbol":"CHZ/USDT", "data":{"ts":1618677638649,"seqnum":21034366184,"asks":[],"bids":[["0.626579","3292"]]}}
1618677639.0332952: {"m":"depth","symbol":"CHR/USDT", "data":{"ts":1618677638678,"seqnum":45632691693,"asks":[],"bids":[["0.37128","2635"]]}}
1618677639.332654: {"m":"depth","symbol":"EGLD/USDT", "data":{"ts":1618677639184,"seqnum":14843382659,"asks":[],"bids":[["209.1829","4.49"],["209.1827","0"]]}}


