wss://stream.bybit.com/v5/public/linear <-> 1749833471.8455276
wss://stream.bybit.com/v5/public/linear <- 1749833474.000351: {"op":"subscribe","args":["orderbook.1.BANDUSDT"]}
wss://stream.bybit.com/v5/public/linear <- 1749833474.0012143: {"op":"subscribe","args":["orderbook.1.RADUSDT"]}
wss://stream.bybit.com/v5/public/linear <- 1749833474.0012143: {"op":"subscribe","args":["orderbook.1.SNTUSDT"]}
wss://stream.bybit.com/v5/public/linear <- 1749833474.0012143: {"op":"subscribe","args":["orderbook.1.AIOZUSDT"]}
1749833474.2851315: {"topic":"orderbook.1.BANDUSDT","type":"snapshot","ts":1749833474773,"data":{"s":"BANDUSDT","b":[["0.6131","17.9"]],"a":[["0.6134","35.4"]],"u":24042997,"seq":209972815373},"cts":1749833474768}
1749833474.2851315: {"success":true,"ret_msg":"","conn_id":"a38867ec-70b5-4044-a765-54b36bdd6fd9","req_id":"","op":"subscribe"}
1749833474.4662817: {"topic":"orderbook.1.RADUSDT","type":"snapshot","ts":1749833474905,"data":{"s":"RADUSDT","b":[["0.6443","112.8"]],"a":[["0.6445","38.5"]],"u":5510741,"seq":210977790179},"cts":1749833474726}
1749833474.4662817: {"success":true,"ret_msg":"","conn_id":"a38867ec-70b5-4044-a765-54b36bdd6fd9","req_id":"","op":"subscribe"}
1749833474.4662817: {"topic":"orderbook.1.SNTUSDT","type":"snapshot","ts":1749833474894,"data":{"s":"SNTUSDT","b":[["0.02868","1730"]],"a":[["0.02870","3850"]],"u":12509455,"seq":205781288707},"cts":1749833474890}
1749833474.4662817: {"success":true,"ret_msg":"","conn_id":"a38867ec-70b5-4044-a765-54b36bdd6fd9","req_id":"","op":"subscribe"}
1749833474.4662817: {"topic":"orderbook.1.AIOZUSDT","type":"snapshot","ts":1749833475283,"data":{"s":"AIOZUSDT","b":[["0.3533","203"]],"a":[["0.3537","334"]],"u":9716662,"seq":93990143512},"cts":1749833475002}
1749833474.4662817: {"success":true,"ret_msg":"","conn_id":"a38867ec-70b5-4044-a765-54b36bdd6fd9","req_id":"","op":"subscribe"}
1749833476.880934: {"topic":"orderbook.1.AIOZUSDT","type":"snapshot","ts":1749833477782,"data":{"s":"AIOZUSDT","b":[["0.3533","203"]],"a":[["0.3537","334"]],"u":9716662,"seq":93990147924},"cts":1749833477401}
1749833477.0069447: {"topic":"orderbook.1.RADUSDT","type":"snapshot","ts":1749833477905,"data":{"s":"RADUSDT","b":[["0.6443","112.8"]],"a":[["0.6445","38.5"]],"u":5510741,"seq":210977794828},"cts":1749833477788}
1749833477.2418294: {"topic":"orderbook.1.SNTUSDT","type":"snapshot","ts":1749833478143,"data":{"s":"SNTUSDT","b":[["0.02868","1730"]],"a":[["0.02870","3420"]],"u":12509456,"seq":205781292396},"cts":1749833478140}
1749833477.3325474: {"topic":"orderbook.1.BANDUSDT","type":"snapshot","ts":1749833478232,"data":{"s":"BANDUSDT","b":[["0.6131","17.9"]],"a":[["0.6134","35.4"]],"u":24042997,"seq":209972818520},"cts":1749833478201}
1749833478.4910007: {"topic":"orderbook.1.BANDUSDT","type":"snapshot","ts":1749833479392,"data":{"s":"BANDUSDT","b":[["0.6130","34.6"]],"a":[["0.6134","35.4"]],"u":24042998,"seq":209972819652},"cts":1749833479388}
1749833478.5317526: {"topic":"orderbook.1.BANDUSDT","type":"snapshot","ts":1749833479432,"data":{"s":"BANDUSDT","b":[["0.6128","358.2"]],"a":[["0.6134","35.4"]],"u":24042999,"seq":209972820124},"cts":1749833479429}
1749833478.5410616: {"topic":"orderbook.1.BANDUSDT","type":"snapshot","ts":1749833479442,"data":{"s":"BANDUSDT","b":[["0.6129","27.4"]],"a":[["0.6134","35.4"]],"u":24043000,"seq":209972820243},"cts":1749833479439}
1749833478.5509708: {"topic":"orderbook.1.BANDUSDT","type":"snapshot","ts":1749833479452,"data":{"s":"BANDUSDT","b":[["0.6129","27.4"]],"a":[["0.6133","29.2"]],"u":24043001,"seq":209972820336},"cts":1749833479448}
1749833478.6207557: {"topic":"orderbook.1.AIOZUSDT","type":"snapshot","ts":1749833479521,"data":{"s":"AIOZUSDT","b":[["0.3532","57"]],"a":[["0.3536","41"]],"u":9716663,"seq":93990153248},"cts":1749833479518}
1749833478.6297317: {"topic":"orderbook.1.AIOZUSDT","type":"snapshot","ts":1749833479530,"data":{"s":"AIOZUSDT","b":[["0.3532","57"]],"a":[["0.3536","98"]],"u":9716664,"seq":93990153322},"cts":1749833479524}
1749833478.6919506: {"topic":"orderbook.1.BANDUSDT","type":"snapshot","ts":1749833479593,"data":{"s":"BANDUSDT","b":[["0.6129","480.2"]],"a":[["0.6133","29.2"]],"u":24043002,"seq":209972820894},"cts":1749833479583}
1749833478.760227: {"topic":"orderbook.1.AIOZUSDT","type":"snapshot","ts":1749833479660,"data":{"s":"AIOZUSDT","b":[["0.3532","57"]],"a":[["0.3536","113"]],"u":9716665,"seq":93990154035},"cts":1749833479654}
1749833478.8599825: {"topic":"orderbook.1.AIOZUSDT","type":"snapshot","ts":1749833479760,"data":{"s":"AIOZUSDT","b":[["0.3532","57"]],"a":[["0.3536","98"]],"u":9716666,"seq":93990154668},"cts":1749833479758}
1749833478.8811536: {"topic":"orderbook.1.SNTUSDT","type":"snapshot","ts":1749833479782,"data":{"s":"SNTUSDT","b":[["0.02868","13450"]],"a":[["0.02870","3420"]],"u":12509457,"seq":205781296292},"cts":1749833479775}
1749833478.993264: {"topic":"orderbook.1.SNTUSDT","type":"snapshot","ts":1749833479892,"data":{"s":"SNTUSDT","b":[["0.02868","1730"]],"a":[["0.02870","3420"]],"u":12509458,"seq":205781296405},"cts":1749833479890}
1749833479.0130808: {"topic":"orderbook.1.SNTUSDT","type":"snapshot","ts":1749833479913,"data":{"s":"SNTUSDT","b":[["0.02868","11820"]],"a":[["0.02870","3420"]],"u":12509459,"seq":205781296420},"cts":1749833479902}
1749833479.5707612: {"topic":"orderbook.1.RADUSDT","type":"snapshot","ts":1749833480464,"data":{"s":"RADUSDT","b":[["0.6442","12.7"]],"a":[["0.6445","38.5"]],"u":5510742,"seq":210977798938},"cts":1749833480452}
1749833479.5740204: {"topic":"orderbook.1.RADUSDT","type":"snapshot","ts":1749833480474,"data":{"s":"RADUSDT","b":[["0.6443","81.9"]],"a":[["0.6445","38.5"]],"u":5510743,"seq":210977798966},"cts":1749833480471}
1749833480.071588: {"topic":"orderbook.1.BANDUSDT","type":"snapshot","ts":1749833480972,"data":{"s":"BANDUSDT","b":[["0.6130","36.2"]],"a":[["0.6133","29.2"]],"u":24043003,"seq":209972822893},"cts":1749833480968}
1749833480.110879: {"topic":"orderbook.1.BANDUSDT","type":"snapshot","ts":1749833481002,"data":{"s":"BANDUSDT","b":[["0.6130","489.0"]],"a":[["0.6133","29.2"]],"u":24043004,"seq":209972823110},"cts":1749833480998}
1749833480.161153: {"topic":"orderbook.1.BANDUSDT","type":"snapshot","ts":1749833481062,"data":{"s":"BANDUSDT","b":[["0.6130","489.0"]],"a":[["0.6134","35.4"]],"u":24043005,"seq":209972823309},"cts":1749833481059}
1749833480.1814258: {"topic":"orderbook.1.AIOZUSDT","type":"snapshot","ts":1749833481082,"data":{"s":"AIOZUSDT","b":[["0.3532","57"]],"a":[["0.3536","41"]],"u":9716667,"seq":93990158107},"cts":1749833481071}
1749833480.1822016: {"topic":"orderbook.1.BANDUSDT","type":"snapshot","ts":1749833481082,"data":{"s":"BANDUSDT","b":[["0.6131","36.6"]],"a":[["0.6134","35.4"]],"u":24043006,"seq":209972823340},"cts":1749833481080}
1749833480.2014067: {"topic":"orderbook.1.SNTUSDT","type":"snapshot","ts":1749833481102,"data":{"s":"SNTUSDT","b":[["0.02868","13110"]],"a":[["0.02870","3420"]],"u":12509460,"seq":205781298889},"cts":1749833481095}
1749833480.2014067: {"topic":"orderbook.1.BANDUSDT","type":"snapshot","ts":1749833481102,"data":{"s":"BANDUSDT","b":[["0.6131","489.4"]],"a":[["0.6134","35.4"]],"u":24043007,"seq":209972823391},"cts":1749833481099}
1749833480.4006047: {"topic":"orderbook.1.AIOZUSDT","type":"snapshot","ts":1749833481301,"data":{"s":"AIOZUSDT","b":[["0.3532","57"]],"a":[["0.3536","98"]],"u":9716668,"seq":93990158759},"cts":1749833481294}
1749833480.4008882: {"topic":"orderbook.1.SNTUSDT","type":"snapshot","ts":1749833481302,"data":{"s":"SNTUSDT","b":[["0.02868","11820"]],"a":[["0.02870","3420"]],"u":12509461,"seq":205781299209},"cts":1749833481296}
1749833481.2838948: {"topic":"orderbook.1.BANDUSDT","type":"snapshot","ts":1749833482172,"data":{"s":"BANDUSDT","b":[["0.6131","489.4"]],"a":[["0.6135","37.0"]],"u":24043008,"seq":209972824586},"cts":1749833482170}
1749833481.2838948: {"topic":"orderbook.1.SNTUSDT","type":"snapshot","ts":1749833482173,"data":{"s":"SNTUSDT","b":[["0.02868","11820"]],"a":[["0.02870","2990"]],"u":12509462,"seq":205781300886},"cts":1749833482169}
1749833481.2838948: {"topic":"orderbook.1.SNTUSDT","type":"snapshot","ts":1749833482182,"data":{"s":"SNTUSDT","b":[["0.02868","13110"]],"a":[["0.02870","2990"]],"u":12509463,"seq":205781300905},"cts":1749833482174}
1749833481.2838948: {"topic":"orderbook.1.BANDUSDT","type":"snapshot","ts":1749833482182,"data":{"s":"BANDUSDT","b":[["0.6131","489.4"]],"a":[["0.6135","34.6"]],"u":24043009,"seq":209972824617},"cts":1749833482179}
1749833481.410951: {"topic":"orderbook.1.SNTUSDT","type":"snapshot","ts":1749833482312,"data":{"s":"SNTUSDT","b":[["0.02868","14400"]],"a":[["0.02871","690"]],"u":12509464,"seq":205781301125},"cts":1749833482310}
1749833481.4221709: {"topic":"orderbook.1.SNTUSDT","type":"snapshot","ts":1749833482322,"data":{"s":"SNTUSDT","b":[["0.02869","690"]],"a":[["0.02872","45830"]],"u":12509465,"seq":205781301139},"cts":1749833482320}
1749833481.4314442: {"topic":"orderbook.1.SNTUSDT","type":"snapshot","ts":1749833482332,"data":{"s":"SNTUSDT","b":[["0.02869","1980"]],"a":[["0.02871","8360"]],"u":12509466,"seq":205781301161},"cts":1749833482330}
1749833481.440769: {"topic":"orderbook.1.SNTUSDT","type":"snapshot","ts":1749833482342,"data":{"s":"SNTUSDT","b":[["0.02869","690"]],"a":[["0.02871","8360"]],"u":12509467,"seq":205781301170},"cts":1749833482335}
1749833481.5120087: {"topic":"orderbook.1.SNTUSDT","type":"snapshot","ts":1749833482413,"data":{"s":"SNTUSDT","b":[["0.02869","690"]],"a":[["0.02871","26320"]],"u":12509468,"seq":205781301259},"cts":1749833482407}
1749833481.5211582: {"topic":"orderbook.1.SNTUSDT","type":"snapshot","ts":1749833482422,"data":{"s":"SNTUSDT","b":[["0.02868","11820"]],"a":[["0.02871","26320"]],"u":12509469,"seq":205781301274},"cts":1749833482416}
1749833481.5314379: {"topic":"orderbook.1.SNTUSDT","type":"snapshot","ts":1749833482432,"data":{"s":"SNTUSDT","b":[["0.02868","11820"]],"a":[["0.02871","29280"]],"u":12509470,"seq":205781301281},"cts":1749833482425}
1749833481.668725: {"topic":"orderbook.1.SNTUSDT","type":"snapshot","ts":1749833482562,"data":{"s":"SNTUSDT","b":[["0.02868","12960"]],"a":[["0.02871","29280"]],"u":12509471,"seq":205781301378},"cts":1749833482553}
1749833481.8056533: {"topic":"orderbook.1.SNTUSDT","type":"snapshot","ts":1749833482663,"data":{"s":"SNTUSDT","b":[["0.02868","11820"]],"a":[["0.02871","29280"]],"u":12509472,"seq":205781301461},"cts":1749833482655}
1749833482.3618515: {"topic":"orderbook.1.SNTUSDT","type":"snapshot","ts":1749833483262,"data":{"s":"SNTUSDT","b":[["0.02868","12960"]],"a":[["0.02871","29280"]],"u":12509473,"seq":205781302214},"cts":1749833483254}
1749833482.372034: {"topic":"orderbook.1.SNTUSDT","type":"snapshot","ts":1749833483272,"data":{"s":"SNTUSDT","b":[["0.02868","12960"]],"a":[["0.02871","30570"]],"u":12509474,"seq":205781302236},"cts":1749833483266}
1749833482.4616487: {"topic":"orderbook.1.SNTUSDT","type":"snapshot","ts":1749833483362,"data":{"s":"SNTUSDT","b":[["0.02868","11820"]],"a":[["0.02871","30570"]],"u":12509475,"seq":205781302340},"cts":1749833483354}
1749833482.5119941: {"topic":"orderbook.1.SNTUSDT","type":"snapshot","ts":1749833483402,"data":{"s":"SNTUSDT","b":[["0.02868","11820"]],"a":[["0.02871","29280"]],"u":12509476,"seq":205781302375},"cts":1749833483397}
1749833482.9230676: {"topic":"orderbook.1.SNTUSDT","type":"snapshot","ts":1749833483822,"data":{"s":"SNTUSDT","b":[["0.02868","11820"]],"a":[["0.02871","30570"]],"u":12509477,"seq":205781302756},"cts":1749833483815}
1749833483.00952: {"topic":"orderbook.1.RADUSDT","type":"snapshot","ts":1749833483907,"data":{"s":"RADUSDT","b":[["0.6443","81.9"]],"a":[["0.6445","38.5"]],"u":5510743,"seq":210977803652},"cts":1749833483901}
1749833483.0708456: {"topic":"orderbook.1.SNTUSDT","type":"snapshot","ts":1749833483972,"data":{"s":"SNTUSDT","b":[["0.02868","1730"]],"a":[["0.02871","30570"]],"u":12509478,"seq":205781303122},"cts":1749833483961}
1749833483.0812109: {"topic":"orderbook.1.SNTUSDT","type":"snapshot","ts":1749833483982,"data":{"s":"SNTUSDT","b":[["0.02868","7760"]],"a":[["0.02870","690"]],"u":12509479,"seq":205781303140},"cts":1749833483975}
1749833483.1017873: {"topic":"orderbook.1.SNTUSDT","type":"snapshot","ts":1749833484002,"data":{"s":"SNTUSDT","b":[["0.02868","7760"]],"a":[["0.02870","13130"]],"u":12509480,"seq":205781303155},"cts":1749833483996}
1749833483.3009853: {"topic":"orderbook.1.SNTUSDT","type":"snapshot","ts":1749833484202,"data":{"s":"SNTUSDT","b":[["0.02868","7760"]],"a":[["0.02870","14420"]],"u":12509481,"seq":205781303311},"cts":1749833484196}
1749833483.3619413: {"topic":"orderbook.1.SNTUSDT","type":"snapshot","ts":1749833484262,"data":{"s":"SNTUSDT","b":[["0.02868","7760"]],"a":[["0.02870","13130"]],"u":12509482,"seq":205781303344},"cts":1749833484256}
1749833483.881101: {"topic":"orderbook.1.AIOZUSDT","type":"snapshot","ts":1749833484781,"data":{"s":"AIOZUSDT","b":[["0.3532","57"]],"a":[["0.3536","98"]],"u":9716668,"seq":93990164858},"cts":1749833484401}
1749833484.1399539: {"topic":"orderbook.1.AIOZUSDT","type":"snapshot","ts":1749833484971,"data":{"s":"AIOZUSDT","b":[["0.3532","127"]],"a":[["0.3536","98"]],"u":9716669,"seq":93990167271},"cts":1749833484967}
1749833484.1399539: {"topic":"orderbook.1.AIOZUSDT","type":"snapshot","ts":1749833484982,"data":{"s":"AIOZUSDT","b":[["0.3532","127"]],"a":[["0.3536","41"]],"u":9716670,"seq":93990167318},"cts":1749833484977}
1749833484.3142335: {"topic":"orderbook.1.AIOZUSDT","type":"snapshot","ts":1749833485070,"data":{"s":"AIOZUSDT","b":[["0.3533","79"]],"a":[["0.3536","41"]],"u":9716671,"seq":93990167661},"cts":1749833485066}
1749833484.3530233: {"topic":"orderbook.1.BANDUSDT","type":"snapshot","ts":1749833485232,"data":{"s":"BANDUSDT","b":[["0.6131","489.4"]],"a":[["0.6135","34.6"]],"u":24043009,"seq":209972828218},"cts":1749833485188}
1749833484.6409762: {"topic":"orderbook.1.SNTUSDT","type":"snapshot","ts":1749833485542,"data":{"s":"SNTUSDT","b":[["0.02868","7760"]],"a":[["0.02870","14420"]],"u":12509483,"seq":205781306277},"cts":1749833485536}
1749833485.3216088: {"topic":"orderbook.1.SNTUSDT","type":"snapshot","ts":1749833486222,"data":{"s":"SNTUSDT","b":[["0.02868","7760"]],"a":[["0.02870","13130"]],"u":12509484,"seq":205781307674},"cts":1749833486215}
1749833485.5868855: {"topic":"orderbook.1.BANDUSDT","type":"snapshot","ts":1749833486483,"data":{"s":"BANDUSDT","b":[["0.6132","38.0"]],"a":[["0.6136","35.4"]],"u":24043010,"seq":209972829294},"cts":1749833486477}
1749833485.592383: {"topic":"orderbook.1.BANDUSDT","type":"snapshot","ts":1749833486493,"data":{"s":"BANDUSDT","b":[["0.6132","264.4"]],"a":[["0.6136","35.4"]],"u":24043011,"seq":209972829306},"cts":1749833486491}
1749833485.6014442: {"topic":"orderbook.1.BANDUSDT","type":"snapshot","ts":1749833486502,"data":{"s":"BANDUSDT","b":[["0.6132","490.8"]],"a":[["0.6136","35.4"]],"u":24043012,"seq":209972829330},"cts":1749833486499}
1749833486.210205: {"topic":"orderbook.1.AIOZUSDT","type":"snapshot","ts":1749833487111,"data":{"s":"AIOZUSDT","b":[["0.3534","77"]],"a":[["0.3537","185"]],"u":9716672,"seq":93990171967},"cts":1749833487106}
1749833486.2319813: {"topic":"orderbook.1.BANDUSDT","type":"snapshot","ts":1749833487132,"data":{"s":"BANDUSDT","b":[["0.6133","38.4"]],"a":[["0.6136","35.4"]],"u":24043013,"seq":209972830013},"cts":1749833487130}
1749833486.2512906: {"topic":"orderbook.1.BANDUSDT","type":"snapshot","ts":1749833487152,"data":{"s":"BANDUSDT","b":[["0.6133","491.2"]],"a":[["0.6136","35.4"]],"u":24043014,"seq":209972830080},"cts":1749833487149}
1749833486.281494: {"topic":"orderbook.1.AIOZUSDT","type":"snapshot","ts":1749833487183,"data":{"s":"AIOZUSDT","b":[["0.3534","77"]],"a":[["0.3537","144"]],"u":9716673,"seq":93990172265},"cts":1749833487176}
1749833486.4012933: {"topic":"orderbook.1.BANDUSDT","type":"snapshot","ts":1749833487292,"data":{"s":"BANDUSDT","b":[["0.6133","491.2"]],"a":[["0.6137","34.6"]],"u":24043015,"seq":209972830441},"cts":1749833487288}
1749833486.505099: {"topic":"orderbook.1.RADUSDT","type":"snapshot","ts":1749833487405,"data":{"s":"RADUSDT","b":[["0.6443","81.9"]],"a":[["0.6445","38.5"]],"u":5510743,"seq":210977809149},"cts":1749833487116}
1749833486.560341: {"topic":"orderbook.1.BANDUSDT","type":"snapshot","ts":1749833487462,"data":{"s":"BANDUSDT","b":[["0.6133","38.4"]],"a":[["0.6137","34.6"]],"u":24043016,"seq":209972831092},"cts":1749833487459}
1749833486.5806665: {"topic":"orderbook.1.BANDUSDT","type":"snapshot","ts":1749833487482,"data":{"s":"BANDUSDT","b":[["0.6133","38.4"]],"a":[["0.6137","38.4"]],"u":24043017,"seq":209972831115},"cts":1749833487479}
1749833486.6073718: {"topic":"orderbook.1.BANDUSDT","type":"snapshot","ts":1749833487502,"data":{"s":"BANDUSDT","b":[["0.6133","38.4"]],"a":[["0.6136","38.8"]],"u":24043018,"seq":209972831127},"cts":1749833487495}
1749833486.6225965: {"topic":"orderbook.1.RADUSDT","type":"snapshot","ts":1749833487524,"data":{"s":"RADUSDT","b":[["0.6444","77.6"]],"a":[["0.6445","38.5"]],"u":5510744,"seq":210977810425},"cts":1749833487514}
1749833486.632226: {"topic":"orderbook.1.BANDUSDT","type":"snapshot","ts":1749833487532,"data":{"s":"BANDUSDT","b":[["0.6132","38.0"]],"a":[["0.6136","38.8"]],"u":24043019,"seq":209972831158},"cts":1749833487527}
1749833486.7328787: {"topic":"orderbook.1.RADUSDT","type":"snapshot","ts":1749833487634,"data":{"s":"RADUSDT","b":[["0.6443","81.9"]],"a":[["0.6445","38.5"]],"u":5510745,"seq":210977810625},"cts":1749833487614}
1749833486.8225403: {"topic":"orderbook.1.RADUSDT","type":"snapshot","ts":1749833487724,"data":{"s":"RADUSDT","b":[["0.6444","77.6"]],"a":[["0.6445","38.5"]],"u":5510746,"seq":210977810797},"cts":1749833487715}
1749833486.9227018: {"topic":"orderbook.1.RADUSDT","type":"snapshot","ts":1749833487824,"data":{"s":"RADUSDT","b":[["0.6443","81.9"]],"a":[["0.6445","38.5"]],"u":5510747,"seq":210977811000},"cts":1749833487814}
1749833487.1520412: {"topic":"orderbook.1.BANDUSDT","type":"snapshot","ts":1749833488052,"data":{"s":"BANDUSDT","b":[["0.6131","36.6"]],"a":[["0.6135","39.6"]],"u":24043020,"seq":209972831738},"cts":1749833488050}
1749833488.1730938: {"topic":"orderbook.1.BANDUSDT","type":"snapshot","ts":1749833489072,"data":{"s":"BANDUSDT","b":[["0.6131","36.6"]],"a":[["0.6134","40.4"]],"u":24043021,"seq":209972832870},"cts":1749833489067}
1749833488.1815193: {"topic":"orderbook.1.BANDUSDT","type":"snapshot","ts":1749833489082,"data":{"s":"BANDUSDT","b":[["0.6130","68.7"]],"a":[["0.6134","40.4"]],"u":24043022,"seq":209972832872},"cts":1749833489071}
1749833488.201106: {"topic":"orderbook.1.BANDUSDT","type":"snapshot","ts":1749833489102,"data":{"s":"BANDUSDT","b":[["0.6130","391.9"]],"a":[["0.6134","40.4"]],"u":24043023,"seq":209972832896},"cts":1749833489100}
1749833488.491887: {"topic":"orderbook.1.SNTUSDT","type":"snapshot","ts":1749833489393,"data":{"s":"SNTUSDT","b":[["0.02868","7760"]],"a":[["0.02870","13130"]],"u":12509484,"seq":205781312520},"cts":1749833489234}
1749833489.1889763: {"topic":"orderbook.1.AIOZUSDT","type":"snapshot","ts":1749833490090,"data":{"s":"AIOZUSDT","b":[["0.3534","77"]],"a":[["0.3537","201"]],"u":9716674,"seq":93990179144},"cts":1749833490085}
1749833489.3316815: {"topic":"orderbook.1.SNTUSDT","type":"snapshot","ts":1749833490232,"data":{"s":"SNTUSDT","b":[["0.02868","7760"]],"a":[["0.02870","13040"]],"u":12509485,"seq":205781313493},"cts":1749833490227}
1749833490.0038514: {"topic":"orderbook.1.RADUSDT","type":"snapshot","ts":1749833490904,"data":{"s":"RADUSDT","b":[["0.6443","81.9"]],"a":[["0.6445","38.5"]],"u":5510747,"seq":210977815741},"cts":1749833490601}
1749833490.1405263: {"topic":"orderbook.1.AIOZUSDT","type":"snapshot","ts":1749833491040,"data":{"s":"AIOZUSDT","b":[["0.3533","41"]],"a":[["0.3537","201"]],"u":9716675,"seq":93990181701},"cts":1749833491036}
1749833490.4015226: {"topic":"orderbook.1.BANDUSDT","type":"snapshot","ts":1749833491302,"data":{"s":"BANDUSDT","b":[["0.6131","42.4"]],"a":[["0.6134","40.4"]],"u":24043024,"seq":209972835285},"cts":1749833491296}
1749833490.4221835: {"topic":"orderbook.1.BANDUSDT","type":"snapshot","ts":1749833491322,"data":{"s":"BANDUSDT","b":[["0.6131","365.6"]],"a":[["0.6134","40.4"]],"u":24043025,"seq":209972835408},"cts":1749833491318}
1749833490.610825: {"topic":"orderbook.1.SNTUSDT","type":"snapshot","ts":1749833491512,"data":{"s":"SNTUSDT","b":[["0.02868","16300"]],"a":[["0.02870","13040"]],"u":12509486,"seq":205781315830},"cts":1749833491507}
1749833490.620798: {"topic":"orderbook.1.SNTUSDT","type":"snapshot","ts":1749833491522,"data":{"s":"SNTUSDT","b":[["0.02868","18740"]],"a":[["0.02870","13040"]],"u":12509487,"seq":205781315842},"cts":1749833491514}
1749833491.1137588: {"topic":"orderbook.1.SNTUSDT","type":"snapshot","ts":1749833492012,"data":{"s":"SNTUSDT","b":[["0.02868","18740"]],"a":[["0.02870","600"]],"u":12509488,"seq":205781316365},"cts":1749833492002}
1749833491.1137588: {"topic":"orderbook.1.BANDUSDT","type":"snapshot","ts":1749833492012,"data":{"s":"BANDUSDT","b":[["0.6132","43.2"]],"a":[["0.6135","39.6"]],"u":24043026,"seq":209972836020},"cts":1749833492006}
1749833491.1212027: {"topic":"orderbook.1.SNTUSDT","type":"snapshot","ts":1749833492022,"data":{"s":"SNTUSDT","b":[["0.02868","21320"]],"a":[["0.02870","600"]],"u":12509489,"seq":205781316836},"cts":1749833492017}
1749833491.2028015: {"topic":"orderbook.1.SNTUSDT","type":"snapshot","ts":1749833492102,"data":{"s":"SNTUSDT","b":[["0.02868","21320"]],"a":[["0.02870","12260"]],"u":12509490,"seq":205781317451},"cts":1749833492095}
1749833491.334607: {"topic":"orderbook.1.SNTUSDT","type":"snapshot","ts":1749833492122,"data":{"s":"SNTUSDT","b":[["0.02868","20030"]],"a":[["0.02870","12260"]],"u":12509491,"seq":205781317556},"cts":1749833492115}
1749833491.334607: {"topic":"orderbook.1.SNTUSDT","type":"snapshot","ts":1749833492132,"data":{"s":"SNTUSDT","b":[["0.02868","20030"]],"a":[["0.02870","600"]],"u":12509492,"seq":205781317627},"cts":1749833492123}
1749833491.3360202: {"topic":"orderbook.1.SNTUSDT","type":"snapshot","ts":1749833492142,"data":{"s":"SNTUSDT","b":[["0.02868","21320"]],"a":[["0.02870","600"]],"u":12509493,"seq":205781318194},"cts":1749833492138}
1749833491.3360202: {"topic":"orderbook.1.BANDUSDT","type":"snapshot","ts":1749833492142,"data":{"s":"BANDUSDT","b":[["0.6133","43.4"]],"a":[["0.6135","39.6"]],"u":24043027,"seq":209972836888},"cts":1749833492139}
1749833491.3360202: {"topic":"orderbook.1.BANDUSDT","type":"snapshot","ts":1749833492152,"data":{"s":"BANDUSDT","b":[["0.6133","43.4"]],"a":[["0.6136","38.8"]],"u":24043028,"seq":209972837037},"cts":1749833492145}
1749833491.3360202: {"topic":"orderbook.1.AIOZUSDT","type":"snapshot","ts":1749833492160,"data":{"s":"AIOZUSDT","b":[["0.3533","112"]],"a":[["0.3537","201"]],"u":9716676,"seq":93990185503},"cts":1749833492158}
1749833491.3360202: {"topic":"orderbook.1.BANDUSDT","type":"snapshot","ts":1749833492162,"data":{"s":"BANDUSDT","b":[["0.6133","43.4"]],"a":[["0.6137","38.4"]],"u":24043029,"seq":209972837333},"cts":1749833492158}
1749833491.3360202: {"topic":"orderbook.1.AIOZUSDT","type":"snapshot","ts":1749833492180,"data":{"s":"AIOZUSDT","b":[["0.3533","112"]],"a":[["0.3537","144"]],"u":9716677,"seq":93990185934},"cts":1749833492172}
1749833491.336624: {"topic":"orderbook.1.SNTUSDT","type":"snapshot","ts":1749833492182,"data":{"s":"SNTUSDT","b":[["0.02868","20030"]],"a":[["0.02870","600"]],"u":12509494,"seq":205781319318},"cts":1749833492178}
1749833491.336624: {"topic":"orderbook.1.SNTUSDT","type":"snapshot","ts":1749833492202,"data":{"s":"SNTUSDT","b":[["0.02868","18740"]],"a":[["0.02870","600"]],"u":12509495,"seq":205781319691},"cts":1749833492196}
1749833491.336624: {"topic":"orderbook.1.RADUSDT","type":"snapshot","ts":1749833492224,"data":{"s":"RADUSDT","b":[["0.6444","77.6"]],"a":[["0.6445","38.5"]],"u":5510748,"seq":210977822552},"cts":1749833492215}
1749833491.336624: {"topic":"orderbook.1.BANDUSDT","type":"snapshot","ts":1749833492233,"data":{"s":"BANDUSDT","b":[["0.6133","43.4"]],"a":[["0.6136","43.4"]],"u":24043030,"seq":209972838214},"cts":1749833492227}
1749833491.3433893: {"topic":"orderbook.1.BANDUSDT","type":"snapshot","ts":1749833492242,"data":{"s":"BANDUSDT","b":[["0.6132","43.2"]],"a":[["0.6136","43.4"]],"u":24043031,"seq":209972838283},"cts":1749833492235}
1749833491.3614526: {"topic":"orderbook.1.SNTUSDT","type":"snapshot","ts":1749833492262,"data":{"s":"SNTUSDT","b":[["0.02868","20030"]],"a":[["0.02870","600"]],"u":12509496,"seq":205781320362},"cts":1749833492258}
1749833491.3709037: {"topic":"orderbook.1.SNTUSDT","type":"snapshot","ts":1749833492272,"data":{"s":"SNTUSDT","b":[["0.02868","21170"]],"a":[["0.02870","600"]],"u":12509497,"seq":205781320368},"cts":1749833492261}
1749833491.5407321: {"topic":"orderbook.1.RADUSDT","type":"snapshot","ts":1749833492324,"data":{"s":"RADUSDT","b":[["0.6443","81.9"]],"a":[["0.6445","38.5"]],"u":5510749,"seq":210977823341},"cts":1749833492315}
1749833491.5407321: {"topic":"orderbook.1.BANDUSDT","type":"snapshot","ts":1749833492352,"data":{"s":"BANDUSDT","b":[["0.6133","43.4"]],"a":[["0.6136","43.4"]],"u":24043032,"seq":209972838724},"cts":1749833492342}
1749833491.5407321: {"topic":"orderbook.1.SNTUSDT","type":"snapshot","ts":1749833492362,"data":{"s":"SNTUSDT","b":[["0.02868","20030"]],"a":[["0.02870","600"]],"u":12509498,"seq":205781320877},"cts":1749833492356}
1749833491.5407321: {"topic":"orderbook.1.AIOZUSDT","type":"snapshot","ts":1749833492370,"data":{"s":"AIOZUSDT","b":[["0.3533","112"]],"a":[["0.3537","201"]],"u":9716678,"seq":93990187833},"cts":1749833492363}
1749833491.5407321: {"topic":"orderbook.1.RADUSDT","type":"snapshot","ts":1749833492424,"data":{"s":"RADUSDT","b":[["0.6444","77.6"]],"a":[["0.6445","38.5"]],"u":5510750,"seq":210977823795},"cts":1749833492415}
1749833491.6228266: {"topic":"orderbook.1.RADUSDT","type":"snapshot","ts":1749833492524,"data":{"s":"RADUSDT","b":[["0.6443","81.9"]],"a":[["0.6445","38.5"]],"u":5510751,"seq":210977824065},"cts":1749833492514}
1749833491.8178551: {"topic":"orderbook.1.SNTUSDT","type":"snapshot","ts":1749833492702,"data":{"s":"SNTUSDT","b":[["0.02868","21320"]],"a":[["0.02870","600"]],"u":12509499,"seq":205781321941},"cts":1749833492695}
1749833492.2710235: {"topic":"orderbook.1.BANDUSDT","type":"snapshot","ts":1749833493142,"data":{"s":"BANDUSDT","b":[["0.6132","43.2"]],"a":[["0.6136","43.4"]],"u":24043033,"seq":209972840262},"cts":1749833493134}
1749833492.4138277: {"topic":"orderbook.1.SNTUSDT","type":"snapshot","ts":1749833493302,"data":{"s":"SNTUSDT","b":[["0.02868","18740"]],"a":[["0.02870","600"]],"u":12509500,"seq":205781323804},"cts":1749833493295}
1749833493.17834: {"topic":"orderbook.1.SNTUSDT","type":"snapshot","ts":1749833494033,"data":{"s":"SNTUSDT","b":[["0.02868","18740"]],"a":[["0.02870","170"]],"u":12509501,"seq":205781324960},"cts":1749833494030}
1749833493.17834: {"topic":"orderbook.1.SNTUSDT","type":"snapshot","ts":1749833494042,"data":{"s":"SNTUSDT","b":[["0.02868","20030"]],"a":[["0.02871","20920"]],"u":12509502,"seq":205781324971},"cts":1749833494035}
1749833493.17834: {"topic":"orderbook.1.SNTUSDT","type":"snapshot","ts":1749833494052,"data":{"s":"SNTUSDT","b":[["0.02868","21320"]],"a":[["0.02871","20920"]],"u":12509503,"seq":205781324983},"cts":1749833494045}
1749833493.17834: {"topic":"orderbook.1.SNTUSDT","type":"snapshot","ts":1749833494062,"data":{"s":"SNTUSDT","b":[["0.02868","20030"]],"a":[["0.02871","20920"]],"u":12509504,"seq":205781324991},"cts":1749833494055}
1749833493.4093537: {"topic":"orderbook.1.SNTUSDT","type":"snapshot","ts":1749833494163,"data":{"s":"SNTUSDT","b":[["0.02868","22460"]],"a":[["0.02871","20920"]],"u":12509505,"seq":205781325129},"cts":1749833494156}
1749833493.4100184: {"topic":"orderbook.1.SNTUSDT","type":"snapshot","ts":1749833494262,"data":{"s":"SNTUSDT","b":[["0.02868","21170"]],"a":[["0.02871","20920"]],"u":12509506,"seq":205781325259},"cts":1749833494256}
1749833493.4642007: {"topic":"orderbook.1.SNTUSDT","type":"snapshot","ts":1749833494362,"data":{"s":"SNTUSDT","b":[["0.02868","22460"]],"a":[["0.02871","20920"]],"u":12509507,"seq":205781325317},"cts":1749833494356}
1749833493.5829248: {"topic":"orderbook.1.SNTUSDT","type":"snapshot","ts":1749833494462,"data":{"s":"SNTUSDT","b":[["0.02868","21170"]],"a":[["0.02871","20920"]],"u":12509508,"seq":205781325374},"cts":1749833494456}
1749833493.5829248: {"topic":"orderbook.1.SNTUSDT","type":"snapshot","ts":1749833494473,"data":{"s":"SNTUSDT","b":[["0.02868","19880"]],"a":[["0.02871","20920"]],"u":12509509,"seq":205781325381},"cts":1749833494465}
1749833493.6009715: {"topic":"orderbook.1.SNTUSDT","type":"snapshot","ts":1749833494502,"data":{"s":"SNTUSDT","b":[["0.02868","19880"]],"a":[["0.02871","22210"]],"u":12509510,"seq":205781325416},"cts":1749833494496}
1749833493.6607862: {"topic":"orderbook.1.SNTUSDT","type":"snapshot","ts":1749833494562,"data":{"s":"SNTUSDT","b":[["0.02868","19880"]],"a":[["0.02871","20920"]],"u":12509511,"seq":205781325481},"cts":1749833494556}
1749833493.7638803: {"topic":"orderbook.1.SNTUSDT","type":"snapshot","ts":1749833494662,"data":{"s":"SNTUSDT","b":[["0.02868","18740"]],"a":[["0.02871","20920"]],"u":12509512,"seq":205781325562},"cts":1749833494653}
1749833493.9810007: {"topic":"orderbook.1.BANDUSDT","type":"snapshot","ts":1749833494882,"data":{"s":"BANDUSDT","b":[["0.6133","44.8"]],"a":[["0.6136","43.4"]],"u":24043034,"seq":209972842340},"cts":1749833494878}
1749833494.0129244: {"topic":"orderbook.1.BANDUSDT","type":"snapshot","ts":1749833494912,"data":{"s":"BANDUSDT","b":[["0.6133","44.8"]],"a":[["0.6135","11.4"]],"u":24043035,"seq":209972842371},"cts":1749833494910}
1749833494.1006196: {"topic":"orderbook.1.SNTUSDT","type":"snapshot","ts":1749833495002,"data":{"s":"SNTUSDT","b":[["0.02868","18740"]],"a":[["0.02871","22210"]],"u":12509513,"seq":205781325945},"cts":1749833494996}
1749833494.2619405: {"topic":"orderbook.1.SNTUSDT","type":"snapshot","ts":1749833495163,"data":{"s":"SNTUSDT","b":[["0.02868","19880"]],"a":[["0.02871","22210"]],"u":12509514,"seq":205781326109},"cts":1749833495153}
1749833494.287871: {"topic":"orderbook.1.SNTUSDT","type":"snapshot","ts":1749833495182,"data":{"s":"SNTUSDT","b":[["0.02868","19880"]],"a":[["0.02871","20920"]],"u":12509515,"seq":205781326125},"cts":1749833495175}
1749833494.3417356: {"topic":"orderbook.1.SNTUSDT","type":"snapshot","ts":1749833495242,"data":{"s":"SNTUSDT","b":[["0.02868","19880"]],"a":[["0.02871","11620"]],"u":12509516,"seq":205781326176},"cts":1749833495240}
1749833494.351215: {"topic":"orderbook.1.SNTUSDT","type":"snapshot","ts":1749833495252,"data":{"s":"SNTUSDT","b":[["0.02868","22460"]],"a":[["0.02872","16370"]],"u":12509517,"seq":205781326188},"cts":1749833495245}
1749833494.361225: {"topic":"orderbook.1.SNTUSDT","type":"snapshot","ts":1749833495263,"data":{"s":"SNTUSDT","b":[["0.02869","690"]],"a":[["0.02872","16370"]],"u":12509518,"seq":205781326194},"cts":1749833495255}
1749833494.3711984: {"topic":"orderbook.1.SNTUSDT","type":"snapshot","ts":1749833495272,"data":{"s":"SNTUSDT","b":[["0.02869","1980"]],"a":[["0.02872","13150"]],"u":12509519,"seq":205781326244},"cts":1749833495266}
1749833494.3923917: {"topic":"orderbook.1.SNTUSDT","type":"snapshot","ts":1749833495282,"data":{"s":"SNTUSDT","b":[["0.02869","1980"]],"a":[["0.02872","17760"]],"u":12509520,"seq":205781326251},"cts":1749833495275}
1749833494.4207015: {"topic":"orderbook.1.SNTUSDT","type":"snapshot","ts":1749833495322,"data":{"s":"SNTUSDT","b":[["0.02870","1740"]],"a":[["0.02872","17760"]],"u":12509521,"seq":205781326303},"cts":1749833495319}
1749833494.4612002: {"topic":"orderbook.1.SNTUSDT","type":"snapshot","ts":1749833495362,"data":{"s":"SNTUSDT","b":[["0.02870","1920"]],"a":[["0.02872","17760"]],"u":12509522,"seq":205781326367},"cts":1749833495357}
1749833494.5211215: {"topic":"orderbook.1.SNTUSDT","type":"snapshot","ts":1749833495422,"data":{"s":"SNTUSDT","b":[["0.02870","180"]],"a":[["0.02872","17760"]],"u":12509523,"seq":205781326423},"cts":1749833495416}
1749833494.560971: {"topic":"orderbook.1.SNTUSDT","type":"snapshot","ts":1749833495462,"data":{"s":"SNTUSDT","b":[["0.02869","15080"]],"a":[["0.02872","17760"]],"u":12509524,"seq":205781326515},"cts":1749833495459}
1749833494.57092: {"topic":"orderbook.1.SNTUSDT","type":"snapshot","ts":1749833495473,"data":{"s":"SNTUSDT","b":[["0.02869","16370"]],"a":[["0.02872","17760"]],"u":12509525,"seq":205781326521},"cts":1749833495464}
1749833494.6210568: {"topic":"orderbook.1.SNTUSDT","type":"snapshot","ts":1749833495522,"data":{"s":"SNTUSDT","b":[["0.02870","1740"]],"a":[["0.02872","17760"]],"u":12509526,"seq":205781326589},"cts":1749833495515}
1749833494.660978: {"topic":"orderbook.1.SNTUSDT","type":"snapshot","ts":1749833495562,"data":{"s":"SNTUSDT","b":[["0.02870","2880"]],"a":[["0.02872","17760"]],"u":12509527,"seq":205781326634},"cts":1749833495560}
1749833494.722166: {"topic":"orderbook.1.SNTUSDT","type":"snapshot","ts":1749833495622,"data":{"s":"SNTUSDT","b":[["0.02870","1140"]],"a":[["0.02872","17760"]],"u":12509528,"seq":205781326680},"cts":1749833495615}
1749833494.7624118: {"topic":"orderbook.1.SNTUSDT","type":"snapshot","ts":1749833495662,"data":{"s":"SNTUSDT","b":[["0.02869","15080"]],"a":[["0.02872","17760"]],"u":12509529,"seq":205781326701},"cts":1749833495653}
1749833494.8034317: {"topic":"orderbook.1.SNTUSDT","type":"snapshot","ts":1749833495702,"data":{"s":"SNTUSDT","b":[["0.02869","16370"]],"a":[["0.02872","17760"]],"u":12509530,"seq":205781326729},"cts":1749833495696}
1749833494.8210416: {"topic":"orderbook.1.SNTUSDT","type":"snapshot","ts":1749833495723,"data":{"s":"SNTUSDT","b":[["0.02870","1740"]],"a":[["0.02872","17760"]],"u":12509531,"seq":205781326739},"cts":1749833495714}
1749833494.8790827: {"topic":"orderbook.1.AIOZUSDT","type":"snapshot","ts":1749833495781,"data":{"s":"AIOZUSDT","b":[["0.3533","112"]],"a":[["0.3537","201"]],"u":9716678,"seq":93990193987},"cts":1749833495385}
1749833494.9210153: {"topic":"orderbook.1.SNTUSDT","type":"snapshot","ts":1749833495822,"data":{"s":"SNTUSDT","b":[["0.02869","15080"]],"a":[["0.02872","17760"]],"u":12509532,"seq":205781326779},"cts":1749833495815}
1749833494.9316447: {"topic":"orderbook.1.SNTUSDT","type":"snapshot","ts":1749833495833,"data":{"s":"SNTUSDT","b":[["0.02869","16370"]],"a":[["0.02872","17760"]],"u":12509533,"seq":205781326791},"cts":1749833495824}
1749833495.004364: {"topic":"orderbook.1.RADUSDT","type":"snapshot","ts":1749833495905,"data":{"s":"RADUSDT","b":[["0.6443","81.9"]],"a":[["0.6445","38.5"]],"u":5510751,"seq":210977829367},"cts":1749833495901}
1749833495.0213184: {"topic":"orderbook.1.SNTUSDT","type":"snapshot","ts":1749833495922,"data":{"s":"SNTUSDT","b":[["0.02870","1740"]],"a":[["0.02872","17760"]],"u":12509534,"seq":205781326887},"cts":1749833495914}
1749833495.120848: {"topic":"orderbook.1.SNTUSDT","type":"snapshot","ts":1749833496022,"data":{"s":"SNTUSDT","b":[["0.02869","15080"]],"a":[["0.02872","17760"]],"u":12509535,"seq":205781327006},"cts":1749833496015}
1749833495.1318185: {"topic":"orderbook.1.SNTUSDT","type":"snapshot","ts":1749833496032,"data":{"s":"SNTUSDT","b":[["0.02869","16370"]],"a":[["0.02872","17760"]],"u":12509536,"seq":205781327014},"cts":1749833496024}
1749833495.224725: {"topic":"orderbook.1.SNTUSDT","type":"snapshot","ts":1749833496122,"data":{"s":"SNTUSDT","b":[["0.02870","1740"]],"a":[["0.02872","17760"]],"u":12509537,"seq":205781327108},"cts":1749833496116}
1749833495.2611072: {"topic":"orderbook.1.SNTUSDT","type":"snapshot","ts":1749833496163,"data":{"s":"SNTUSDT","b":[["0.02870","2880"]],"a":[["0.02872","17760"]],"u":12509538,"seq":205781327131},"cts":1749833496156}
1749833495.3202753: {"topic":"orderbook.1.SNTUSDT","type":"snapshot","ts":1749833496222,"data":{"s":"SNTUSDT","b":[["0.02870","1140"]],"a":[["0.02872","17760"]],"u":12509539,"seq":205781327172},"cts":1749833496214}
1749833495.3622594: {"topic":"orderbook.1.SNTUSDT","type":"snapshot","ts":1749833496263,"data":{"s":"SNTUSDT","b":[["0.02869","3680"]],"a":[["0.02872","17760"]],"u":12509540,"seq":205781327236},"cts":1749833496254}
1749833495.4743342: {"topic":"orderbook.1.SNTUSDT","type":"snapshot","ts":1749833496373,"data":{"s":"SNTUSDT","b":[["0.02869","4820"]],"a":[["0.02872","17760"]],"u":12509541,"seq":205781327341},"cts":1749833496361}
1749833495.560838: {"topic":"orderbook.1.SNTUSDT","type":"snapshot","ts":1749833496463,"data":{"s":"SNTUSDT","b":[["0.02869","3680"]],"a":[["0.02872","17760"]],"u":12509542,"seq":205781327402},"cts":1749833496459}
1749833495.76451: {"topic":"orderbook.1.SNTUSDT","type":"snapshot","ts":1749833496663,"data":{"s":"SNTUSDT","b":[["0.02869","3680"]],"a":[["0.02872","13150"]],"u":12509543,"seq":205781327528},"cts":1749833496656}
1749833496.4608653: {"topic":"orderbook.1.SNTUSDT","type":"snapshot","ts":1749833497362,"data":{"s":"SNTUSDT","b":[["0.02869","4820"]],"a":[["0.02872","13150"]],"u":12509544,"seq":205781328483},"cts":1749833497354}
1749833496.5662737: {"topic":"orderbook.1.SNTUSDT","type":"snapshot","ts":1749833497463,"data":{"s":"SNTUSDT","b":[["0.02869","3680"]],"a":[["0.02872","13150"]],"u":12509545,"seq":205781328593},"cts":1749833497453}
1749833496.6617875: {"topic":"orderbook.1.SNTUSDT","type":"snapshot","ts":1749833497562,"data":{"s":"SNTUSDT","b":[["0.02869","4820"]],"a":[["0.02872","13150"]],"u":12509546,"seq":205781328794},"cts":1749833497554}
1749833496.767043: {"topic":"orderbook.1.SNTUSDT","type":"snapshot","ts":1749833497662,"data":{"s":"SNTUSDT","b":[["0.02869","3680"]],"a":[["0.02872","13150"]],"u":12509547,"seq":205781328987},"cts":1749833497654}
1749833496.7909791: {"topic":"orderbook.1.SNTUSDT","type":"snapshot","ts":1749833497692,"data":{"s":"SNTUSDT","b":[["0.02869","3680"]],"a":[["0.02872","12830"]],"u":12509548,"seq":205781329013},"cts":1749833497688}
1749833496.8221445: {"topic":"orderbook.1.SNTUSDT","type":"snapshot","ts":1749833497723,"data":{"s":"SNTUSDT","b":[["0.02870","1740"]],"a":[["0.02872","12830"]],"u":12509549,"seq":205781329040},"cts":1749833497715}
1749833496.9207346: {"topic":"orderbook.1.SNTUSDT","type":"snapshot","ts":1749833497822,"data":{"s":"SNTUSDT","b":[["0.02869","3680"]],"a":[["0.02872","12830"]],"u":12509550,"seq":205781329114},"cts":1749833497815}
1749833497.2614036: {"topic":"orderbook.1.SNTUSDT","type":"snapshot","ts":1749833498163,"data":{"s":"SNTUSDT","b":[["0.02869","4820"]],"a":[["0.02872","12830"]],"u":12509551,"seq":205781329337},"cts":1749833498154}
1749833497.33159: {"topic":"orderbook.1.BANDUSDT","type":"snapshot","ts":1749833498232,"data":{"s":"BANDUSDT","b":[["0.6133","44.8"]],"a":[["0.6135","11.4"]],"u":24043035,"seq":209972845167},"cts":1749833498201}
1749833497.5415277: {"topic":"orderbook.1.SNTUSDT","type":"snapshot","ts":1749833498443,"data":{"s":"SNTUSDT","b":[["0.02869","4820"]],"a":[["0.02871","100"]],"u":12509552,"seq":205781329716},"cts":1749833498439}
1749833497.564161: {"topic":"orderbook.1.SNTUSDT","type":"snapshot","ts":1749833498462,"data":{"s":"SNTUSDT","b":[["0.02869","3680"]],"a":[["0.02871","100"]],"u":12509553,"seq":205781329732},"cts":1749833498455}
1749833497.8815079: {"topic":"orderbook.1.AIOZUSDT","type":"snapshot","ts":1749833498782,"data":{"s":"AIOZUSDT","b":[["0.3533","112"]],"a":[["0.3537","201"]],"u":9716678,"seq":93990197997},"cts":1749833498388}
1749833498.5040395: {"topic":"orderbook.1.RADUSDT","type":"snapshot","ts":1749833499405,"data":{"s":"RADUSDT","b":[["0.6443","81.9"]],"a":[["0.6445","38.5"]],"u":5510751,"seq":210977833268},"cts":1749833498901}
1749833499.7401757: {"topic":"orderbook.1.BANDUSDT","type":"snapshot","ts":1749833500642,"data":{"s":"BANDUSDT","b":[["0.6132","43.2"]],"a":[["0.6135","11.4"]],"u":24043036,"seq":209972846967},"cts":1749833500639}
1749833499.802763: {"topic":"orderbook.1.BANDUSDT","type":"snapshot","ts":1749833500702,"data":{"s":"BANDUSDT","b":[["0.6132","462.8"]],"a":[["0.6135","11.4"]],"u":24043037,"seq":209972847692},"cts":1749833500699}
1749833499.8232627: {"topic":"orderbook.1.AIOZUSDT","type":"snapshot","ts":1749833500710,"data":{"s":"AIOZUSDT","b":[["0.3533","41"]],"a":[["0.3537","201"]],"u":9716679,"seq":93990203134},"cts":1749833500707}
1749833499.880789: {"topic":"orderbook.1.SNTUSDT","type":"snapshot","ts":1749833500782,"data":{"s":"SNTUSDT","b":[["0.02869","4370"]],"a":[["0.02871","100"]],"u":12509554,"seq":205781334032},"cts":1749833500778}
1749833499.900924: {"topic":"orderbook.1.SNTUSDT","type":"snapshot","ts":1749833500802,"data":{"s":"SNTUSDT","b":[["0.02869","5460"]],"a":[["0.02871","1070"]],"u":12509555,"seq":205781334262},"cts":1749833500798}
1749833499.924773: {"topic":"orderbook.1.SNTUSDT","type":"snapshot","ts":1749833500812,"data":{"s":"SNTUSDT","b":[["0.02869","5460"]],"a":[["0.02872","12830"]],"u":12509556,"seq":205781334312},"cts":1749833500805}
1749833499.9515798: {"topic":"orderbook.1.SNTUSDT","type":"snapshot","ts":1749833500842,"data":{"s":"SNTUSDT","b":[["0.02869","5460"]],"a":[["0.02872","14120"]],"u":12509557,"seq":205781334547},"cts":1749833500836}
1749833499.9592104: {"topic":"orderbook.1.AIOZUSDT","type":"snapshot","ts":1749833500860,"data":{"s":"AIOZUSDT","b":[["0.3533","41"]],"a":[["0.3537","216"]],"u":9716680,"seq":93990204559},"cts":1749833500857}
1749833499.9697955: {"topic":"orderbook.1.AIOZUSDT","type":"snapshot","ts":1749833500871,"data":{"s":"AIOZUSDT","b":[["0.3532","57"]],"a":[["0.3536","41"]],"u":9716681,"seq":93990204651},"cts":1749833500868}
1749833499.9812603: {"topic":"orderbook.1.AIOZUSDT","type":"snapshot","ts":1749833500882,"data":{"s":"AIOZUSDT","b":[["0.3531","57"]],"a":[["0.3535","41"]],"u":9716682,"seq":93990204708},"cts":1749833500878}
1749833500.031783: {"topic":"orderbook.1.AIOZUSDT","type":"snapshot","ts":1749833500931,"data":{"s":"AIOZUSDT","b":[["0.3531","57"]],"a":[["0.3535","98"]],"u":9716683,"seq":93990205001},"cts":1749833500925}
1749833500.7603686: {"topic":"orderbook.1.AIOZUSDT","type":"snapshot","ts":1749833501661,"data":{"s":"AIOZUSDT","b":[["0.3531","57"]],"a":[["0.3535","113"]],"u":9716684,"seq":93990206694},"cts":1749833501656}
1749833501.061864: {"topic":"orderbook.1.AIOZUSDT","type":"snapshot","ts":1749833501960,"data":{"s":"AIOZUSDT","b":[["0.3531","57"]],"a":[["0.3535","98"]],"u":9716685,"seq":93990207343},"cts":1749833501956}
1749833501.900822: {"topic":"orderbook.1.SNTUSDT","type":"snapshot","ts":1749833502802,"data":{"s":"SNTUSDT","b":[["0.02869","5460"]],"a":[["0.02872","12830"]],"u":12509558,"seq":205781338104},"cts":1749833502798}
1749833502.0066037: {"topic":"orderbook.1.RADUSDT","type":"snapshot","ts":1749833502904,"data":{"s":"RADUSDT","b":[["0.6443","81.9"]],"a":[["0.6445","38.5"]],"u":5510751,"seq":210977840520},"cts":1749833502501}
1749833502.4204218: {"topic":"orderbook.1.SNTUSDT","type":"snapshot","ts":1749833503322,"data":{"s":"SNTUSDT","b":[["0.02869","5460"]],"a":[["0.02872","14120"]],"u":12509559,"seq":205781339013},"cts":1749833503315}
1749833502.431578: {"topic":"orderbook.1.SNTUSDT","type":"snapshot","ts":1749833503332,"data":{"s":"SNTUSDT","b":[["0.02869","5460"]],"a":[["0.02872","15410"]],"u":12509560,"seq":205781339044},"cts":1749833503325}
1749833502.8338249: {"topic":"orderbook.1.BANDUSDT","type":"snapshot","ts":1749833503733,"data":{"s":"BANDUSDT","b":[["0.6132","462.8"]],"a":[["0.6135","11.4"]],"u":24043037,"seq":209972851307},"cts":1749833503701}
