wss://stream.bybit.com/v5/public/spot <-> 1749833471.8476062
wss://stream.bybit.com/v5/public/spot <- 1749833474.076928: {"op":"subscribe","args":["orderbook.1.OPUSDC"]}
wss://stream.bybit.com/v5/public/spot <- 1749833474.076928: {"op":"subscribe","args":["orderbook.1.TUSDUSDT"]}
wss://stream.bybit.com/v5/public/spot <- 1749833474.076928: {"op":"subscribe","args":["orderbook.1.KCSUSDT"]}
wss://stream.bybit.com/v5/public/spot <- 1749833474.0779257: {"op":"subscribe","args":["orderbook.1.CPOOLUSDT"]}
wss://stream.bybit.com/v5/public/spot <- 1749833474.0779257: {"op":"subscribe","args":["orderbook.1.ARBUSDC"]}
wss://stream.bybit.com/v5/public/spot <- 1749833474.0779257: {"op":"subscribe","args":["orderbook.1.MASAUSDT"]}
1749833474.3249528: {"success":true,"ret_msg":"subscribe","conn_id":"1764937c-c1f0-4e2b-969d-82fee8151f2c","op":"subscribe"}
1749833474.3249528: {"topic":"orderbook.1.OPUSDC","ts":1749833472906,"type":"snapshot","data":{"s":"OPUSDC","b":[["0.579","3886.45"]],"a":[["0.58","4043.62"]],"u":1399781,"seq":122620616678},"cts":1749833472901}
1749833474.5014625: {"success":true,"ret_msg":"subscribe","conn_id":"1764937c-c1f0-4e2b-969d-82fee8151f2c","op":"subscribe"}
1749833474.5014625: {"topic":"orderbook.1.TUSDUSDT","ts":1749833473132,"type":"snapshot","data":{"s":"TUSDUSDT","b":[["0.9967","1489"]],"a":[["0.997","333.27"]],"u":31002,"seq":105958334573},"cts":1749833453706}
1749833474.5014625: {"success":true,"ret_msg":"subscribe","conn_id":"1764937c-c1f0-4e2b-969d-82fee8151f2c","op":"subscribe"}
1749833474.5014625: {"topic":"orderbook.1.KCSUSDT","ts":1749833474560,"type":"snapshot","data":{"s":"KCSUSDT","b":[["11.251","1.01"]],"a":[["11.259","0.78"]],"u":462748,"seq":105958357724},"cts":1749833469015}
1749833474.5014625: {"success":true,"ret_msg":"subscribe","conn_id":"1764937c-c1f0-4e2b-969d-82fee8151f2c","op":"subscribe"}
1749833474.5014625: {"topic":"orderbook.1.CPOOLUSDT","ts":1749833475045,"type":"snapshot","data":{"s":"CPOOLUSDT","b":[["0.11687","152.26"]],"a":[["0.11715","361.73"]],"u":5796290,"seq":103781178500},"cts":1749833475043}
1749833474.5014625: {"success":true,"ret_msg":"subscribe","conn_id":"1764937c-c1f0-4e2b-969d-82fee8151f2c","op":"subscribe"}
1749833474.5014625: {"topic":"orderbook.1.ARBUSDC","ts":1749833475044,"type":"snapshot","data":{"s":"ARBUSDC","b":[["0.3449","905"]],"a":[["0.345","405"]],"u":1909171,"seq":70732575004},"cts":1749833475038}
1749833474.5014625: {"success":true,"ret_msg":"subscribe","conn_id":"1764937c-c1f0-4e2b-969d-82fee8151f2c","op":"subscribe"}
1749833474.5014625: {"topic":"orderbook.1.MASAUSDT","ts":1749833472455,"type":"snapshot","data":{"s":"MASAUSDT","b":[["0.02169","535.96"]],"a":[["0.02173","535.96"]],"u":1933707,"seq":136075693918},"cts":1749833471983}
1749833474.554107: {"topic":"orderbook.1.MASAUSDT","ts":1749833475455,"type":"snapshot","data":{"s":"MASAUSDT","b":[["0.02169","535.96"]],"a":[["0.02173","535.96"]],"u":1933707,"seq":136075702567},"cts":1749833474978}
1749833475.004116: {"topic":"orderbook.1.OPUSDC","ts":1749833475906,"type":"snapshot","data":{"s":"OPUSDC","b":[["0.579","3886.45"]],"a":[["0.58","4043.62"]],"u":1399781,"seq":122620619961},"cts":1749833473631}
1749833475.391653: {"topic":"orderbook.1.TUSDUSDT","ts":1749833476132,"type":"snapshot","data":{"s":"TUSDUSDT","b":[["0.9967","1489"]],"a":[["0.997","333.27"]],"u":31002,"seq":105958334573},"cts":1749833453706}
1749833476.2259893: {"topic":"orderbook.1.OPUSDC","ts":1749833477126,"type":"snapshot","data":{"s":"OPUSDC","b":[["0.579","3028.94"]],"a":[["0.58","4043.62"]],"u":1399782,"seq":122620625392},"cts":1749833477116}
1749833476.6422553: {"topic":"orderbook.1.ARBUSDC","ts":1749833477544,"type":"snapshot","data":{"s":"ARBUSDC","b":[["0.3449","905"]],"a":[["0.345","3304.1"]],"u":1909172,"seq":70732575887},"cts":1749833477539}
1749833476.662123: {"topic":"orderbook.1.KCSUSDT","ts":1749833477560,"type":"snapshot","data":{"s":"KCSUSDT","b":[["11.251","1.01"]],"a":[["11.259","0.78"]],"u":462748,"seq":105958357724},"cts":1749833469015}
1749833476.6711237: {"topic":"orderbook.1.KCSUSDT","ts":1749833477570,"type":"snapshot","data":{"s":"KCSUSDT","b":[["11.258","4.8"]],"a":[["11.259","0.78"]],"u":462749,"seq":105958369448},"cts":1749833477565}
1749833476.6790855: {"topic":"orderbook.1.KCSUSDT","ts":1749833477581,"type":"snapshot","data":{"s":"KCSUSDT","b":[["11.253","1.01"]],"a":[["11.259","0.78"]],"u":462750,"seq":105958369458},"cts":1749833477577}
1749833476.6983664: {"topic":"orderbook.1.KCSUSDT","ts":1749833477601,"type":"snapshot","data":{"s":"KCSUSDT","b":[["11.253","1.01"]],"a":[["11.258","7.67"]],"u":462751,"seq":105958369468},"cts":1749833477599}
1749833476.7083402: {"topic":"orderbook.1.KCSUSDT","ts":1749833477610,"type":"snapshot","data":{"s":"KCSUSDT","b":[["11.252","1.01"]],"a":[["11.258","7.67"]],"u":462752,"seq":105958369472},"cts":1749833477602}
1749833477.1448185: {"topic":"orderbook.1.CPOOLUSDT","ts":1749833478045,"type":"snapshot","data":{"s":"CPOOLUSDT","b":[["0.11687","152.26"]],"a":[["0.11715","361.73"]],"u":5796290,"seq":103781181883},"cts":1749833477956}
1749833477.2950883: {"topic":"orderbook.1.KCSUSDT","ts":1749833478191,"type":"snapshot","data":{"s":"KCSUSDT","b":[["11.252","1.01"]],"a":[["11.257","2.58"]],"u":462753,"seq":105958369946},"cts":1749833478185}
1749833477.2981167: {"topic":"orderbook.1.KCSUSDT","ts":1749833478201,"type":"snapshot","data":{"s":"KCSUSDT","b":[["11.247","1.01"]],"a":[["11.257","2.58"]],"u":462754,"seq":105958369950},"cts":1749833478193}
1749833477.3091223: {"topic":"orderbook.1.KCSUSDT","ts":1749833478210,"type":"snapshot","data":{"s":"KCSUSDT","b":[["11.247","1.01"]],"a":[["11.256","1"]],"u":462755,"seq":105958369958},"cts":1749833478203}
1749833477.5648837: {"topic":"orderbook.1.MASAUSDT","ts":1749833478465,"type":"snapshot","data":{"s":"MASAUSDT","b":[["0.02169","535.96"]],"a":[["0.02173","535.96"]],"u":1933707,"seq":136075706475},"cts":1749833477957}
1749833478.2292013: {"topic":"orderbook.1.TUSDUSDT","ts":1749833479132,"type":"snapshot","data":{"s":"TUSDUSDT","b":[["0.9967","1489"]],"a":[["0.997","333.27"]],"u":31002,"seq":105958334573},"cts":1749833453706}
1749833478.26175: {"topic":"orderbook.1.ARBUSDC","ts":1749833479163,"type":"snapshot","data":{"s":"ARBUSDC","b":[["0.3449","500"]],"a":[["0.345","3304.1"]],"u":1909173,"seq":70732576236},"cts":1749833479162}
1749833478.270092: {"topic":"orderbook.1.ARBUSDC","ts":1749833479174,"type":"snapshot","data":{"s":"ARBUSDC","b":[["0.3448","905"]],"a":[["0.345","3304.1"]],"u":1909174,"seq":70732576259},"cts":1749833479168}
1749833478.2810626: {"topic":"orderbook.1.ARBUSDC","ts":1749833479184,"type":"snapshot","data":{"s":"ARBUSDC","b":[["0.3448","905"]],"a":[["0.345","8074.17"]],"u":1909175,"seq":70732576269},"cts":1749833479173}
1749833478.461376: {"topic":"orderbook.1.ARBUSDC","ts":1749833479363,"type":"snapshot","data":{"s":"ARBUSDC","b":[["0.3448","905"]],"a":[["0.3449","405"]],"u":1909176,"seq":70732576349},"cts":1749833479362}
1749833478.4704788: {"topic":"orderbook.1.ARBUSDC","ts":1749833479373,"type":"snapshot","data":{"s":"ARBUSDC","b":[["0.3448","905"]],"a":[["0.3449","3304.96"]],"u":1909177,"seq":70732576426},"cts":1749833479371}
1749833478.480215: {"topic":"orderbook.1.ARBUSDC","ts":1749833479383,"type":"snapshot","data":{"s":"ARBUSDC","b":[["0.3448","405"]],"a":[["0.3449","3304.96"]],"u":1909178,"seq":70732576473},"cts":1749833479380}
1749833478.4910007: {"topic":"orderbook.1.ARBUSDC","ts":1749833479393,"type":"snapshot","data":{"s":"ARBUSDC","b":[["0.3447","905"]],"a":[["0.3449","3304.96"]],"u":1909179,"seq":70732576516},"cts":1749833479389}
1749833478.492995: {"topic":"orderbook.1.OPUSDC","ts":1749833479396,"type":"snapshot","data":{"s":"OPUSDC","b":[["0.579","3028.94"]],"a":[["0.58","4060.87"]],"u":1399783,"seq":122620629206},"cts":1749833479390}
1749833478.5407155: {"topic":"orderbook.1.ARBUSDC","ts":1749833479444,"type":"snapshot","data":{"s":"ARBUSDC","b":[["0.3448","405"]],"a":[["0.3449","3304.96"]],"u":1909180,"seq":70732576672},"cts":1749833479437}
1749833480.145196: {"topic":"orderbook.1.CPOOLUSDT","ts":1749833481045,"type":"snapshot","data":{"s":"CPOOLUSDT","b":[["0.11687","152.26"]],"a":[["0.11715","361.73"]],"u":5796290,"seq":103781187169},"cts":1749833481037}
1749833480.3071294: {"topic":"orderbook.1.KCSUSDT","ts":1749833481210,"type":"snapshot","data":{"s":"KCSUSDT","b":[["11.247","1.01"]],"a":[["11.256","1"]],"u":462755,"seq":105958370826},"cts":1749833479151}
1749833480.5661073: {"topic":"orderbook.1.MASAUSDT","ts":1749833481467,"type":"snapshot","data":{"s":"MASAUSDT","b":[["0.02169","535.96"]],"a":[["0.02173","535.96"]],"u":1933707,"seq":136075713334},"cts":1749833480961}
1749833481.0803885: {"topic":"orderbook.1.ARBUSDC","ts":1749833481983,"type":"snapshot","data":{"s":"ARBUSDC","b":[["0.3448","405"]],"a":[["0.3449","405"]],"u":1909181,"seq":70732577621},"cts":1749833481981}
1749833481.2298317: {"topic":"orderbook.1.TUSDUSDT","ts":1749833482133,"type":"snapshot","data":{"s":"TUSDUSDT","b":[["0.9967","1489"]],"a":[["0.997","333.27"]],"u":31002,"seq":105958334573},"cts":1749833453706}
1749833481.4441051: {"topic":"orderbook.1.OPUSDC","ts":1749833482347,"type":"snapshot","data":{"s":"OPUSDC","b":[["0.579","3028.94"]],"a":[["0.58","4043.62"]],"u":1399784,"seq":122620635901},"cts":1749833482344}
1749833481.714849: {"topic":"orderbook.1.ARBUSDC","ts":1749833482613,"type":"snapshot","data":{"s":"ARBUSDC","b":[["0.3448","405"]],"a":[["0.345","13875.23"]],"u":1909182,"seq":70732577838},"cts":1749833482603}
1749833481.8056533: {"topic":"orderbook.1.ARBUSDC","ts":1749833482674,"type":"snapshot","data":{"s":"ARBUSDC","b":[["0.3448","405"]],"a":[["0.345","8074.87"]],"u":1909183,"seq":70732577869},"cts":1749833482670}
1749833481.8808048: {"topic":"orderbook.1.ARBUSDC","ts":1749833482784,"type":"snapshot","data":{"s":"ARBUSDC","b":[["0.3448","405"]],"a":[["0.345","3304.8"]],"u":1909184,"seq":70732577895},"cts":1749833482779}
1749833482.1339095: {"topic":"orderbook.1.OPUSDC","ts":1749833483036,"type":"snapshot","data":{"s":"OPUSDC","b":[["0.579","3028.94"]],"a":[["0.58","4060.87"]],"u":1399785,"seq":122620636795},"cts":1749833483025}
1749833482.167168: {"topic":"orderbook.1.OPUSDC","ts":1749833483066,"type":"snapshot","data":{"s":"OPUSDC","b":[["0.579","3028.94"]],"a":[["0.58","4043.62"]],"u":1399786,"seq":122620636839},"cts":1749833483063}
1749833482.2501194: {"topic":"orderbook.1.ARBUSDC","ts":1749833483154,"type":"snapshot","data":{"s":"ARBUSDC","b":[["0.3448","405"]],"a":[["0.345","7478.12"]],"u":1909185,"seq":70732578010},"cts":1749833483150}
1749833482.3298306: {"topic":"orderbook.1.ARBUSDC","ts":1749833483233,"type":"snapshot","data":{"s":"ARBUSDC","b":[["0.3448","405"]],"a":[["0.3449","405"]],"u":1909186,"seq":70732578037},"cts":1749833483226}
1749833482.3638463: {"topic":"orderbook.1.OPUSDC","ts":1749833483267,"type":"snapshot","data":{"s":"OPUSDC","b":[["0.579","3028.94"]],"a":[["0.58","4060.87"]],"u":1399787,"seq":122620637249},"cts":1749833483257}
1749833482.540455: {"topic":"orderbook.1.ARBUSDC","ts":1749833483443,"type":"snapshot","data":{"s":"ARBUSDC","b":[["0.3448","405"]],"a":[["0.345","7478.12"]],"u":1909187,"seq":70732578072},"cts":1749833483435}
1749833482.881911: {"topic":"orderbook.1.ARBUSDC","ts":1749833483784,"type":"snapshot","data":{"s":"ARBUSDC","b":[["0.3448","405"]],"a":[["0.3449","405"]],"u":1909188,"seq":70732578112},"cts":1749833483775}
1749833483.142392: {"topic":"orderbook.1.CPOOLUSDT","ts":1749833484045,"type":"snapshot","data":{"s":"CPOOLUSDT","b":[["0.11687","152.26"]],"a":[["0.11715","361.73"]],"u":5796290,"seq":103781191321},"cts":1749833483975}
1749833483.3078778: {"topic":"orderbook.1.KCSUSDT","ts":1749833484210,"type":"snapshot","data":{"s":"KCSUSDT","b":[["11.247","1.01"]],"a":[["11.256","1"]],"u":462755,"seq":105958370826},"cts":1749833479151}
1749833483.5617723: {"topic":"orderbook.1.MASAUSDT","ts":1749833484465,"type":"snapshot","data":{"s":"MASAUSDT","b":[["0.02169","535.96"]],"a":[["0.02173","535.96"]],"u":1933707,"seq":136075718434},"cts":1749833483975}
1749833483.9010487: {"topic":"orderbook.1.ARBUSDC","ts":1749833484804,"type":"snapshot","data":{"s":"ARBUSDC","b":[["0.3448","405"]],"a":[["0.345","7478.12"]],"u":1909189,"seq":70732578335},"cts":1749833484800}
1749833483.9379077: {"topic":"orderbook.1.ARBUSDC","ts":1749833484834,"type":"snapshot","data":{"s":"ARBUSDC","b":[["0.3448","405"]],"a":[["0.345","3304.8"]],"u":1909190,"seq":70732578375},"cts":1749833484829}
1749833483.9809997: {"topic":"orderbook.1.ARBUSDC","ts":1749833484883,"type":"snapshot","data":{"s":"ARBUSDC","b":[["0.3448","405"]],"a":[["0.345","405"]],"u":1909191,"seq":70732578445},"cts":1749833484876}
1749833484.3142335: {"topic":"orderbook.1.TUSDUSDT","ts":1749833485132,"type":"snapshot","data":{"s":"TUSDUSDT","b":[["0.9967","1489"]],"a":[["0.997","333.27"]],"u":31002,"seq":105958334573},"cts":1749833453706}
1749833484.3142335: {"topic":"orderbook.1.ARBUSDC","ts":1749833485193,"type":"snapshot","data":{"s":"ARBUSDC","b":[["0.3448","905"]],"a":[["0.345","405"]],"u":1909192,"seq":70732578749},"cts":1749833485185}
1749833484.3142335: {"topic":"orderbook.1.ARBUSDC","ts":1749833485204,"type":"snapshot","data":{"s":"ARBUSDC","b":[["0.3449","405"]],"a":[["0.345","405"]],"u":1909193,"seq":70732578754},"cts":1749833485196}
1749833485.3662121: {"topic":"orderbook.1.OPUSDC","ts":1749833486266,"type":"snapshot","data":{"s":"OPUSDC","b":[["0.579","3028.94"]],"a":[["0.58","4060.87"]],"u":1399787,"seq":122620643075},"cts":1749833483257}
1749833486.1429417: {"topic":"orderbook.1.CPOOLUSDT","ts":1749833487046,"type":"snapshot","data":{"s":"CPOOLUSDT","b":[["0.11687","152.26"]],"a":[["0.11715","361.73"]],"u":5796290,"seq":103781195612},"cts":1749833486979}
1749833486.2608335: {"topic":"orderbook.1.ARBUSDC","ts":1749833487164,"type":"snapshot","data":{"s":"ARBUSDC","b":[["0.3449","405"]],"a":[["0.3451","7205.08"]],"u":1909194,"seq":70732579421},"cts":1749833487161}
1749833486.3110435: {"topic":"orderbook.1.KCSUSDT","ts":1749833487210,"type":"snapshot","data":{"s":"KCSUSDT","b":[["11.247","1.01"]],"a":[["11.256","1"]],"u":462755,"seq":105958370826},"cts":1749833479151}
1749833486.5613372: {"topic":"orderbook.1.MASAUSDT","ts":1749833487465,"type":"snapshot","data":{"s":"MASAUSDT","b":[["0.02169","535.96"]],"a":[["0.02173","535.96"]],"u":1933707,"seq":136075725193},"cts":1749833486979}
1749833486.8003113: {"topic":"orderbook.1.ARBUSDC","ts":1749833487703,"type":"snapshot","data":{"s":"ARBUSDC","b":[["0.3449","405"]],"a":[["0.345","405"]],"u":1909195,"seq":70732579813},"cts":1749833487699}
1749833487.2302673: {"topic":"orderbook.1.TUSDUSDT","ts":1749833488133,"type":"snapshot","data":{"s":"TUSDUSDT","b":[["0.9967","1489"]],"a":[["0.997","333.27"]],"u":31002,"seq":105958334573},"cts":1749833453706}
1749833487.257195: {"topic":"orderbook.1.KCSUSDT","ts":1749833488160,"type":"snapshot","data":{"s":"KCSUSDT","b":[["11.248","1"]],"a":[["11.256","1"]],"u":462756,"seq":105958381058},"cts":1749833488154}
1749833487.2683074: {"topic":"orderbook.1.KCSUSDT","ts":1749833488170,"type":"snapshot","data":{"s":"KCSUSDT","b":[["11.249","1"]],"a":[["11.256","1"]],"u":462757,"seq":105958381075},"cts":1749833488162}
1749833487.3743324: {"topic":"orderbook.1.OPUSDC","ts":1749833488276,"type":"snapshot","data":{"s":"OPUSDC","b":[["0.579","3815.31"]],"a":[["0.58","4060.87"]],"u":1399788,"seq":122620651269},"cts":1749833488265}
1749833487.6033347: {"topic":"orderbook.1.OPUSDC","ts":1749833488506,"type":"snapshot","data":{"s":"OPUSDC","b":[["0.579","3028.94"]],"a":[["0.58","4060.87"]],"u":1399789,"seq":122620651709},"cts":1749833488497}
1749833489.143099: {"topic":"orderbook.1.CPOOLUSDT","ts":1749833490045,"type":"snapshot","data":{"s":"CPOOLUSDT","b":[["0.11687","152.26"]],"a":[["0.11715","361.73"]],"u":5796290,"seq":103781200119},"cts":1749833489972}
1749833489.564657: {"topic":"orderbook.1.MASAUSDT","ts":1749833490465,"type":"snapshot","data":{"s":"MASAUSDT","b":[["0.02169","535.96"]],"a":[["0.02173","535.96"]],"u":1933707,"seq":136075731533},"cts":1749833489972}
1749833489.799979: {"topic":"orderbook.1.ARBUSDC","ts":1749833490703,"type":"snapshot","data":{"s":"ARBUSDC","b":[["0.3449","405"]],"a":[["0.345","405"]],"u":1909195,"seq":70732580223},"cts":1749833488707}
1749833490.2312365: {"topic":"orderbook.1.TUSDUSDT","ts":1749833491132,"type":"snapshot","data":{"s":"TUSDUSDT","b":[["0.9967","1489"]],"a":[["0.997","333.27"]],"u":31002,"seq":105958381154},"cts":1749833488208}
1749833490.268127: {"topic":"orderbook.1.KCSUSDT","ts":1749833491170,"type":"snapshot","data":{"s":"KCSUSDT","b":[["11.249","1"]],"a":[["11.256","1"]],"u":462757,"seq":105958383563},"cts":1749833491133}
1749833490.6038432: {"topic":"orderbook.1.OPUSDC","ts":1749833491507,"type":"snapshot","data":{"s":"OPUSDC","b":[["0.579","3028.94"]],"a":[["0.58","4060.87"]],"u":1399789,"seq":122620652958},"cts":1749833488497}
1749833491.1127608: {"topic":"orderbook.1.ARBUSDC","ts":1749833492003,"type":"snapshot","data":{"s":"ARBUSDC","b":[["0.3449","405"]],"a":[["0.3451","7205.08"]],"u":1909196,"seq":70732581576},"cts":1749833491999}
1749833491.1137588: {"topic":"orderbook.1.OPUSDC","ts":1749833492016,"type":"snapshot","data":{"s":"OPUSDC","b":[["0.579","3888.68"]],"a":[["0.58","4060.87"]],"u":1399790,"seq":122620658613},"cts":1749833492008}
1749833491.2127752: {"topic":"orderbook.1.ARBUSDC","ts":1749833492113,"type":"snapshot","data":{"s":"ARBUSDC","b":[["0.3449","905"]],"a":[["0.3451","7205.08"]],"u":1909197,"seq":70732581823},"cts":1749833492107}
1749833491.334607: {"topic":"orderbook.1.ARBUSDC","ts":1749833492133,"type":"snapshot","data":{"s":"ARBUSDC","b":[["0.345","405"]],"a":[["0.3451","4202.26"]],"u":1909198,"seq":70732581882},"cts":1749833492129}
1749833491.336461: {"topic":"orderbook.1.ARBUSDC","ts":1749833492143,"type":"snapshot","data":{"s":"ARBUSDC","b":[["0.345","405"]],"a":[["0.3452","11702.79"]],"u":1909199,"seq":70732581979},"cts":1749833492139}
1749833491.336461: {"topic":"orderbook.1.ARBUSDC","ts":1749833492163,"type":"snapshot","data":{"s":"ARBUSDC","b":[["0.345","905"]],"a":[["0.3452","1485.6"]],"u":1909200,"seq":70732582125},"cts":1749833492159}
1749833491.336461: {"topic":"orderbook.1.OPUSDC","ts":1749833492166,"type":"snapshot","data":{"s":"OPUSDC","b":[["0.579","3888.68"]],"a":[["0.58","3060.87"]],"u":1399791,"seq":122620660458},"cts":1749833492158}
1749833491.336461: {"topic":"orderbook.1.ARBUSDC","ts":1749833492183,"type":"snapshot","data":{"s":"ARBUSDC","b":[["0.345","905"]],"a":[["0.3451","405"]],"u":1909201,"seq":70732582224},"cts":1749833492178}
1749833491.336461: {"topic":"orderbook.1.OPUSDC","ts":1749833492186,"type":"snapshot","data":{"s":"OPUSDC","b":[["0.579","3888.68"]],"a":[["0.58","3043.62"]],"u":1399792,"seq":122620660998},"cts":1749833492182}
1749833491.336612: {"topic":"orderbook.1.OPUSDC","ts":1749833492206,"type":"snapshot","data":{"s":"OPUSDC","b":[["0.579","3028.94"]],"a":[["0.58","3043.62"]],"u":1399793,"seq":122620661251},"cts":1749833492200}
1749833491.3521862: {"topic":"orderbook.1.ARBUSDC","ts":1749833492254,"type":"snapshot","data":{"s":"ARBUSDC","b":[["0.345","905"]],"a":[["0.3452","405"]],"u":1909202,"seq":70732582451},"cts":1749833492248}
1749833491.3604956: {"topic":"orderbook.1.ARBUSDC","ts":1749833492263,"type":"snapshot","data":{"s":"ARBUSDC","b":[["0.3451","405"]],"a":[["0.3452","405"]],"u":1909203,"seq":70732582480},"cts":1749833492257}
1749833491.5407321: {"topic":"orderbook.1.ARBUSDC","ts":1749833492334,"type":"snapshot","data":{"s":"ARBUSDC","b":[["0.3451","405"]],"a":[["0.3453","405"]],"u":1909204,"seq":70732582571},"cts":1749833492327}
1749833491.5407321: {"topic":"orderbook.1.ARBUSDC","ts":1749833492413,"type":"snapshot","data":{"s":"ARBUSDC","b":[["0.345","905"]],"a":[["0.3453","3302.8"]],"u":1909205,"seq":70732582671},"cts":1749833492411}
1749833491.5407321: {"topic":"orderbook.1.ARBUSDC","ts":1749833492423,"type":"snapshot","data":{"s":"ARBUSDC","b":[["0.345","905"]],"a":[["0.3452","405"]],"u":1909206,"seq":70732582679},"cts":1749833492416}
1749833491.5407321: {"topic":"orderbook.1.ARBUSDC","ts":1749833492434,"type":"snapshot","data":{"s":"ARBUSDC","b":[["0.345","905"]],"a":[["0.3452","3303.1"]],"u":1909207,"seq":70732582716},"cts":1749833492426}
1749833491.6139393: {"topic":"orderbook.1.ARBUSDC","ts":1749833492483,"type":"snapshot","data":{"s":"ARBUSDC","b":[["0.345","905"]],"a":[["0.3451","405"]],"u":1909208,"seq":70732582791},"cts":1749833492477}
1749833491.6139393: {"topic":"orderbook.1.ARBUSDC","ts":1749833492513,"type":"snapshot","data":{"s":"ARBUSDC","b":[["0.345","500"]],"a":[["0.3451","405"]],"u":1909209,"seq":70732582840},"cts":1749833492510}
1749833491.8178551: {"topic":"orderbook.1.OPUSDC","ts":1749833492686,"type":"snapshot","data":{"s":"OPUSDC","b":[["0.579","3028.94"]],"a":[["0.58","4043.62"]],"u":1399794,"seq":122620663590},"cts":1749833492678}
1749833492.156456: {"topic":"orderbook.1.CPOOLUSDT","ts":1749833493056,"type":"snapshot","data":{"s":"CPOOLUSDT","b":[["0.11687","152.26"]],"a":[["0.11715","361.73"]],"u":5796290,"seq":103781205215},"cts":1749833492938}
1749833492.2270029: {"topic":"orderbook.1.ARBUSDC","ts":1749833493094,"type":"snapshot","data":{"s":"ARBUSDC","b":[["0.345","905"]],"a":[["0.3451","405"]],"u":1909210,"seq":70732583129},"cts":1749833493087}
1749833492.2270029: {"topic":"orderbook.1.ARBUSDC","ts":1749833493123,"type":"snapshot","data":{"s":"ARBUSDC","b":[["0.3449","905"]],"a":[["0.3451","405"]],"u":1909211,"seq":70732583168},"cts":1749833493121}
1749833492.2710235: {"topic":"orderbook.1.ARBUSDC","ts":1749833493143,"type":"snapshot","data":{"s":"ARBUSDC","b":[["0.345","405"]],"a":[["0.3451","405"]],"u":1909212,"seq":70732583212},"cts":1749833493139}
1749833492.2710235: {"topic":"orderbook.1.ARBUSDC","ts":1749833493164,"type":"snapshot","data":{"s":"ARBUSDC","b":[["0.3449","905"]],"a":[["0.3451","405"]],"u":1909213,"seq":70732583222},"cts":1749833493158}
1749833492.2819948: {"topic":"orderbook.1.ARBUSDC","ts":1749833493183,"type":"snapshot","data":{"s":"ARBUSDC","b":[["0.345","405"]],"a":[["0.3451","405"]],"u":1909214,"seq":70732583240},"cts":1749833493178}
1749833492.5632164: {"topic":"orderbook.1.MASAUSDT","ts":1749833493465,"type":"snapshot","data":{"s":"MASAUSDT","b":[["0.02169","535.96"]],"a":[["0.02173","535.96"]],"u":1933707,"seq":136075740330},"cts":1749833492941}
1749833493.2299087: {"topic":"orderbook.1.TUSDUSDT","ts":1749833494133,"type":"snapshot","data":{"s":"TUSDUSDT","b":[["0.9967","1489"]],"a":[["0.997","333.27"]],"u":31002,"seq":105958383634},"cts":1749833491204}
1749833493.4100184: {"topic":"orderbook.1.KCSUSDT","ts":1749833494170,"type":"snapshot","data":{"s":"KCSUSDT","b":[["11.249","1"]],"a":[["11.256","1"]],"u":462757,"seq":105958387193},"cts":1749833492884}
1749833494.7873034: {"topic":"orderbook.1.OPUSDC","ts":1749833495686,"type":"snapshot","data":{"s":"OPUSDC","b":[["0.579","3028.94"]],"a":[["0.58","4043.62"]],"u":1399794,"seq":122620668068},"cts":1749833492678}
1749833494.9439542: {"topic":"orderbook.1.OPUSDC","ts":1749833495847,"type":"snapshot","data":{"s":"OPUSDC","b":[["0.579","3028.94"]],"a":[["0.58","4808.42"]],"u":1399795,"seq":122620669610},"cts":1749833495840}
1749833494.9544644: {"topic":"orderbook.1.OPUSDC","ts":1749833495856,"type":"snapshot","data":{"s":"OPUSDC","b":[["0.579","3028.94"]],"a":[["0.58","4043.62"]],"u":1399796,"seq":122620669626},"cts":1749833495846}
1749833495.1522694: {"topic":"orderbook.1.CPOOLUSDT","ts":1749833496055,"type":"snapshot","data":{"s":"CPOOLUSDT","b":[["0.11687","152.26"]],"a":[["0.11715","361.73"]],"u":5796290,"seq":103781209208},"cts":1749833495953}
1749833495.2820454: {"topic":"orderbook.1.ARBUSDC","ts":1749833496184,"type":"snapshot","data":{"s":"ARBUSDC","b":[["0.345","405"]],"a":[["0.3451","405"]],"u":1909214,"seq":70732584044},"cts":1749833495555}
1749833495.5628326: {"topic":"orderbook.1.MASAUSDT","ts":1749833496465,"type":"snapshot","data":{"s":"MASAUSDT","b":[["0.02169","535.96"]],"a":[["0.02173","535.96"]],"u":1933707,"seq":136075744147},"cts":1749833495954}
1749833496.2377832: {"topic":"orderbook.1.TUSDUSDT","ts":1749833497132,"type":"snapshot","data":{"s":"TUSDUSDT","b":[["0.9967","1489"]],"a":[["0.997","333.27"]],"u":31002,"seq":105958388848},"cts":1749833494207}
1749833496.2479286: {"topic":"orderbook.1.OPUSDC","ts":1749833497146,"type":"snapshot","data":{"s":"OPUSDC","b":[["0.579","3028.94"]],"a":[["0.58","4060.87"]],"u":1399797,"seq":122620671477},"cts":1749833497141}
1749833496.2678885: {"topic":"orderbook.1.KCSUSDT","ts":1749833497171,"type":"snapshot","data":{"s":"KCSUSDT","b":[["11.249","1"]],"a":[["11.256","1"]],"u":462757,"seq":105958387193},"cts":1749833492884}
1749833496.4106722: {"topic":"orderbook.1.ARBUSDC","ts":1749833497314,"type":"snapshot","data":{"s":"ARBUSDC","b":[["0.3449","905"]],"a":[["0.3451","405"]],"u":1909215,"seq":70732584485},"cts":1749833497309}
1749833497.6031935: {"topic":"orderbook.1.OPUSDC","ts":1749833498506,"type":"snapshot","data":{"s":"OPUSDC","b":[["0.579","2792.69"]],"a":[["0.58","4923.94"]],"u":1399798,"seq":122620673895},"cts":1749833498502}
1749833497.6131148: {"topic":"orderbook.1.OPUSDC","ts":1749833498516,"type":"snapshot","data":{"s":"OPUSDC","b":[["0.578","25129.24"]],"a":[["0.58","6650.79"]],"u":1399799,"seq":122620673913},"cts":1749833498515}
1749833497.6230884: {"topic":"orderbook.1.OPUSDC","ts":1749833498526,"type":"snapshot","data":{"s":"OPUSDC","b":[["0.578","24550.37"]],"a":[["0.58","6650.79"]],"u":1399800,"seq":122620673924},"cts":1749833498524}
1749833497.6370513: {"topic":"orderbook.1.OPUSDC","ts":1749833498537,"type":"snapshot","data":{"s":"OPUSDC","b":[["0.578","25427.23"]],"a":[["0.58","6650.79"]],"u":1399801,"seq":122620673940},"cts":1749833498534}
1749833497.6666255: {"topic":"orderbook.1.OPUSDC","ts":1749833498566,"type":"snapshot","data":{"s":"OPUSDC","b":[["0.578","25427.23"]],"a":[["0.58","4060.87"]],"u":1399802,"seq":122620673987},"cts":1749833498561}
1749833498.0488951: {"topic":"orderbook.1.OPUSDC","ts":1749833498946,"type":"snapshot","data":{"s":"OPUSDC","b":[["0.579","236.25"]],"a":[["0.58","4828.53"]],"u":1399803,"seq":122620674635},"cts":1749833498944}
1749833498.0598652: {"topic":"orderbook.1.OPUSDC","ts":1749833498956,"type":"snapshot","data":{"s":"OPUSDC","b":[["0.579","1236.25"]],"a":[["0.58","4828.53"]],"u":1399804,"seq":122620674654},"cts":1749833498949}
1749833498.1541498: {"topic":"orderbook.1.CPOOLUSDT","ts":1749833499056,"type":"snapshot","data":{"s":"CPOOLUSDT","b":[["0.11687","152.26"]],"a":[["0.11715","361.73"]],"u":5796290,"seq":103781212759},"cts":1749833498952}
1749833498.250915: {"topic":"orderbook.1.ARBUSDC","ts":1749833499154,"type":"snapshot","data":{"s":"ARBUSDC","b":[["0.345","405"]],"a":[["0.3451","405"]],"u":1909216,"seq":70732585121},"cts":1749833499149}
1749833498.5621874: {"topic":"orderbook.1.MASAUSDT","ts":1749833499465,"type":"snapshot","data":{"s":"MASAUSDT","b":[["0.02169","535.96"]],"a":[["0.02173","535.96"]],"u":1933707,"seq":136075747078},"cts":1749833498953}
1749833499.0035493: {"topic":"orderbook.1.ARBUSDC","ts":1749833499903,"type":"snapshot","data":{"s":"ARBUSDC","b":[["0.3449","905"]],"a":[["0.3451","405"]],"u":1909217,"seq":70732585292},"cts":1749833499899}
1749833499.2592611: {"topic":"orderbook.1.TUSDUSDT","ts":1749833500133,"type":"snapshot","data":{"s":"TUSDUSDT","b":[["0.9967","1489"]],"a":[["0.997","333.27"]],"u":31002,"seq":105958391471},"cts":1749833497204}
1749833499.2703035: {"topic":"orderbook.1.KCSUSDT","ts":1749833500170,"type":"snapshot","data":{"s":"KCSUSDT","b":[["11.249","1"]],"a":[["11.256","1"]],"u":462757,"seq":105958393563},"cts":1749833499484}
1749833499.7620068: {"topic":"orderbook.1.ARBUSDC","ts":1749833500664,"type":"snapshot","data":{"s":"ARBUSDC","b":[["0.3449","405"]],"a":[["0.3451","405"]],"u":1909218,"seq":70732585553},"cts":1749833500660}
1749833499.880789: {"topic":"orderbook.1.ARBUSDC","ts":1749833500784,"type":"snapshot","data":{"s":"ARBUSDC","b":[["0.3448","5475.77"]],"a":[["0.3451","405"]],"u":1909219,"seq":70732585783},"cts":1749833500775}
1749833499.924773: {"topic":"orderbook.1.OPUSDC","ts":1749833500816,"type":"snapshot","data":{"s":"OPUSDC","b":[["0.579","2240.01"]],"a":[["0.58","4828.53"]],"u":1399805,"seq":122620679220},"cts":1749833500815}
1749833500.071002: {"topic":"orderbook.1.ARBUSDC","ts":1749833500973,"type":"snapshot","data":{"s":"ARBUSDC","b":[["0.3448","5475.77"]],"a":[["0.3451","8301"]],"u":1909220,"seq":70732586057},"cts":1749833500965}
1749833500.0819721: {"topic":"orderbook.1.ARBUSDC","ts":1749833500984,"type":"snapshot","data":{"s":"ARBUSDC","b":[["0.3448","5475.77"]],"a":[["0.345","405"]],"u":1909221,"seq":70732586069},"cts":1749833500976}
1749833501.2506495: {"topic":"orderbook.1.CPOOLUSDT","ts":1749833502055,"type":"snapshot","data":{"s":"CPOOLUSDT","b":[["0.11687","152.26"]],"a":[["0.11715","361.73"]],"u":5796290,"seq":103781217537},"cts":1749833501985}
1749833501.3627803: {"topic":"orderbook.1.OPUSDC","ts":1749833502266,"type":"snapshot","data":{"s":"OPUSDC","b":[["0.579","2003.76"]],"a":[["0.58","6491.52"]],"u":1399806,"seq":122620682776},"cts":1749833502259}
1749833501.5621145: {"topic":"orderbook.1.MASAUSDT","ts":1749833502466,"type":"snapshot","data":{"s":"MASAUSDT","b":[["0.02169","535.96"]],"a":[["0.02173","535.96"]],"u":1933707,"seq":136075753689},"cts":1749833501989}
1749833501.8313239: {"topic":"orderbook.1.CPOOLUSDT","ts":1749833502735,"type":"snapshot","data":{"s":"CPOOLUSDT","b":[["0.11687","152.26"]],"a":[["0.11715","404.43"]],"u":5796291,"seq":103781218421},"cts":1749833502731}
1749833501.852295: {"topic":"orderbook.1.CPOOLUSDT","ts":1749833502755,"type":"snapshot","data":{"s":"CPOOLUSDT","b":[["0.11687","152.26"]],"a":[["0.11715","42.7"]],"u":5796292,"seq":103781218486},"cts":1749833502752}
1749833501.9445944: {"topic":"orderbook.1.CPOOLUSDT","ts":1749833502845,"type":"snapshot","data":{"s":"CPOOLUSDT","b":[["0.11687","152.26"]],"a":[["0.11716","1707.06"]],"u":5796293,"seq":103781218769},"cts":1749833502838}
1749833501.9686935: {"topic":"orderbook.1.CPOOLUSDT","ts":1749833502865,"type":"snapshot","data":{"s":"CPOOLUSDT","b":[["0.11687","152.26"]],"a":[["0.11715","554.75"]],"u":5796294,"seq":103781218852},"cts":1749833502862}
1749833502.2351718: {"topic":"orderbook.1.TUSDUSDT","ts":1749833503132,"type":"snapshot","data":{"s":"TUSDUSDT","b":[["0.9967","1489"]],"a":[["0.997","333.27"]],"u":31002,"seq":105958394154},"cts":1749833500204}
1749833502.289943: {"topic":"orderbook.1.KCSUSDT","ts":1749833503170,"type":"snapshot","data":{"s":"KCSUSDT","b":[["11.249","1"]],"a":[["11.256","1"]],"u":462757,"seq":105958398299},"cts":1749833502894}
1749833503.0809627: {"topic":"orderbook.1.ARBUSDC","ts":1749833503984,"type":"snapshot","data":{"s":"ARBUSDC","b":[["0.3448","5475.77"]],"a":[["0.345","405"]],"u":1909221,"seq":70732586266},"cts":1749833501662}
