wss://ftexchange.com/ws/ <-> 1618677879.7843041
wss://ftexchange.com/ws/ <- 1618677880.6482282: {"channel":"ticker","market":"AMD/USD","op":"subscribe"}
wss://ftexchange.com/ws/ <- 1618677880.64831: {"channel":"ticker","market":"BTC-MOVE-WK-0507","op":"subscribe"}
wss://ftexchange.com/ws/ <- 1618677880.648352: {"channel":"ticker","market":"PAXG/USD","op":"subscribe"}
wss://ftexchange.com/ws/ <- 1618677880.648387: {"channel":"ticker","market":"XRP/USD","op":"subscribe"}
wss://ftexchange.com/ws/ <- 1618677880.6484191: {"channel":"ticker","market":"AKRO/USD","op":"subscribe"}
wss://ftexchange.com/ws/ <- 1618677880.648449: {"channel":"ticker","market":"NVDA-0625","op":"subscribe"}
wss://ftexchange.com/ws/ <- 1618677880.64848: {"channel":"ticker","market":"ZECBULL/USD","op":"subscribe"}
wss://ftexchange.com/ws/ <- 1618677880.648509: {"channel":"ticker","market":"THETAHEDGE/USD","op":"subscribe"}
wss://ftexchange.com/ws/ <- 1618677880.648538: {"channel":"ticker","market":"SXPBULL/USD","op":"subscribe"}
wss://ftexchange.com/ws/ <- 1618677880.648566: {"channel":"ticker","market":"SUSHIBEAR/USD","op":"subscribe"}
wss://ftexchange.com/ws/ <- 1618677880.648596: {"channel":"trades","market":"AMD/USD","op":"subscribe"}
wss://ftexchange.com/ws/ <- 1618677880.648625: {"channel":"trades","market":"BTC-MOVE-WK-0507","op":"subscribe"}
wss://ftexchange.com/ws/ <- 1618677880.648654: {"channel":"trades","market":"PAXG/USD","op":"subscribe"}
wss://ftexchange.com/ws/ <- 1618677880.6486819: {"channel":"trades","market":"XRP/USD","op":"subscribe"}
wss://ftexchange.com/ws/ <- 1618677880.648709: {"channel":"trades","market":"AKRO/USD","op":"subscribe"}
wss://ftexchange.com/ws/ <- 1618677880.648737: {"channel":"trades","market":"NVDA-0625","op":"subscribe"}
wss://ftexchange.com/ws/ <- 1618677880.648764: {"channel":"trades","market":"ZECBULL/USD","op":"subscribe"}
wss://ftexchange.com/ws/ <- 1618677880.648791: {"channel":"trades","market":"THETAHEDGE/USD","op":"subscribe"}
wss://ftexchange.com/ws/ <- 1618677880.6488168: {"channel":"trades","market":"SXPBULL/USD","op":"subscribe"}
wss://ftexchange.com/ws/ <- 1618677880.648844: {"channel":"trades","market":"SUSHIBEAR/USD","op":"subscribe"}
wss://ftexchange.com/ws/ <- 1618677880.648871: {"channel":"orderbook","market":"AMD/USD","op":"subscribe"}
wss://ftexchange.com/ws/ <- 1618677880.6489: {"channel":"orderbook","market":"BTC-MOVE-WK-0507","op":"subscribe"}
wss://ftexchange.com/ws/ <- 1618677880.648928: {"channel":"orderbook","market":"PAXG/USD","op":"subscribe"}
wss://ftexchange.com/ws/ <- 1618677880.6489542: {"channel":"orderbook","market":"XRP/USD","op":"subscribe"}
wss://ftexchange.com/ws/ <- 1618677880.648982: {"channel":"orderbook","market":"AKRO/USD","op":"subscribe"}
wss://ftexchange.com/ws/ <- 1618677880.649009: {"channel":"orderbook","market":"NVDA-0625","op":"subscribe"}
wss://ftexchange.com/ws/ <- 1618677880.649036: {"channel":"orderbook","market":"ZECBULL/USD","op":"subscribe"}
wss://ftexchange.com/ws/ <- 1618677880.649062: {"channel":"orderbook","market":"THETAHEDGE/USD","op":"subscribe"}
wss://ftexchange.com/ws/ <- 1618677880.649089: {"channel":"orderbook","market":"SXPBULL/USD","op":"subscribe"}
wss://ftexchange.com/ws/ <- 1618677880.6491148: {"channel":"orderbook","market":"SUSHIBEAR/USD","op":"subscribe"}
1618677880.859436: {"type": "subscribed", "channel": "ticker", "market": "AMD/USD"}
1618677880.8839018: {"type": "subscribed", "channel": "ticker", "market": "BTC-MOVE-WK-0507"}
1618677880.897774: {"type": "subscribed", "channel": "ticker", "market": "PAXG/USD"}
1618677880.905277: {"type": "subscribed", "channel": "ticker", "market": "XRP/USD"}
1618677880.913764: {"type": "subscribed", "channel": "ticker", "market": "AKRO/USD"}
1618677880.920481: {"type": "subscribed", "channel": "ticker", "market": "NVDA-0625"}
1618677880.931252: {"type": "subscribed", "channel": "ticker", "market": "ZECBULL/USD"}
1618677880.9386072: {"type": "subscribed", "channel": "ticker", "market": "THETAHEDGE/USD"}
1618677880.94957: {"type": "subscribed", "channel": "ticker", "market": "SXPBULL/USD"}
1618677880.952725: {"channel": "ticker", "market": "XRP/USD", "type": "update", "data": {"bid": 1.59105, "ask": 1.592025, "bidSize": 2.0, "askSize": 1100.0, "last": 1.5913, "time": 1618677880.877571}}
1618677881.061812: {"type": "subscribed", "channel": "ticker", "market": "SUSHIBEAR/USD"}
1618677881.061831: {"type": "subscribed", "channel": "trades", "market": "AMD/USD"}
1618677881.061836: {"type": "subscribed", "channel": "trades", "market": "BTC-MOVE-WK-0507"}
1618677881.0618398: {"type": "subscribed", "channel": "trades", "market": "PAXG/USD"}
1618677881.0618439: {"type": "subscribed", "channel": "trades", "market": "XRP/USD"}
1618677881.0618482: {"type": "subscribed", "channel": "trades", "market": "AKRO/USD"}
1618677881.061852: {"channel": "ticker", "market": "SXPBULL/USD", "type": "update", "data": {"bid": 51.675, "ask": 51.775, "bidSize": 0.168, "askSize": 1.596, "last": 51.775, "time": 1618677880.9339633}}
1618677881.061882: {"channel": "ticker", "market": "AMD/USD", "type": "update", "data": {"bid": 81.94, "ask": 82.37, "bidSize": 0.08, "askSize": 472.66, "last": 82.45, "time": 1618677880.943715}}
1618677881.061895: {"type": "subscribed", "channel": "trades", "market": "NVDA-0625"}
1618677881.061899: {"type": "subscribed", "channel": "trades", "market": "ZECBULL/USD"}
1618677881.061903: {"channel": "ticker", "market": "ZECBULL/USD", "type": "update", "data": {"bid": 7187.5, "ask": 7295.0, "bidSize": 0.63174, "askSize": 0.60465, "last": 7152.5, "time": 1618677880.9616673}}
1618677881.061915: {"type": "subscribed", "channel": "trades", "market": "THETAHEDGE/USD"}
1618677881.06192: {"type": "subscribed", "channel": "trades", "market": "SXPBULL/USD"}
1618677881.061924: {"type": "subscribed", "channel": "trades", "market": "SUSHIBEAR/USD"}
1618677881.0619268: {"type": "subscribed", "channel": "orderbook", "market": "AMD/USD"}
1618677881.061931: {"type": "subscribed", "channel": "orderbook", "market": "BTC-MOVE-WK-0507"}
1618677881.068128: {"type": "subscribed", "channel": "orderbook", "market": "PAXG/USD"}
1618677881.074929: {"type": "subscribed", "channel": "orderbook", "market": "XRP/USD"}
1618677881.079017: {"type": "subscribed", "channel": "orderbook", "market": "AKRO/USD"}
1618677881.088348: {"channel": "ticker", "market": "XRP/USD", "type": "update", "data": {"bid": 1.59105, "ask": 1.592025, "bidSize": 2.0, "askSize": 1100.0, "last": 1.5913, "time": 1618677880.9860036}}
1618677881.088387: {"channel": "ticker", "market": "ZECBULL/USD", "type": "update", "data": {"bid": 7187.5, "ask": 7295.0, "bidSize": 0.63174, "askSize": 0.60465, "last": 7152.5, "time": 1618677880.996952}}
1618677881.094157: {"type": "subscribed", "channel": "orderbook", "market": "NVDA-0625"}
1618677881.1053572: {"type": "subscribed", "channel": "orderbook", "market": "ZECBULL/USD"}
1618677881.111261: {"channel": "ticker", "market": "SUSHIBEAR/USD", "type": "update", "data": {"bid": 1.201e-05, "ask": 1.22e-05, "bidSize": 91430000.0, "askSize": 8700000.0, "last": 1.25e-05, "time": 1618677881.0306911}}
1618677881.1113138: {"type": "subscribed", "channel": "orderbook", "market": "THETAHEDGE/USD"}
1618677881.124104: {"type": "subscribed", "channel": "orderbook", "market": "SXPBULL/USD"}
1618677881.131545: {"channel": "ticker", "market": "PAXG/USD", "type": "update", "data": {"bid": 1784.4, "ask": 1798.0, "bidSize": 0.0001, "askSize": 0.0101, "last": 1782.7, "time": 1618677881.0430884}}
1618677881.131594: {"channel": "orderbook", "market": "PAXG/USD", "type": "partial", "data": {"time": 1618677881.0430884, "checksum": 2811656200, "bids": [[1784.4, 0.0001], [1784.3, 0.0385], [1784.2, 0.0299], [1781.5, 2.311], [1781.4, 0.5822], [1781.0, 0.0005], [1780.9, 0.0005], [1780.7, 2.7955], [1780.6, 0.2594], [1778.6, 0.0005], [1777.6, 0.0005], [1777.3, 0.0005], [1777.2, 0.0005], [1777.1, 0.0005], [1775.8, 0.0005], [1775.7, 0.5028], [1775.5, 0.0007], [1774.8, 0.0005], [1774.7, 0.2916], [1773.9, 0.0005], [1773.4, 0.0005], [1772.6, 0.0005], [1772.3, 0.7032], [1772.0, 0.0105], [1771.4, 0.0005], [1769.7, 0.0633], [1769.6, 1.2536], [1768.7, 0.0005], [1768.3, 0.0005], [1766.9, 1.4747], [1766.0, 0.0005], [1765.9, 0.1005], [1765.8, 0.0005], [1765.7, 0.0005], [1765.1, 0.0005], [1765.0, 0.0005], [1764.8, 0.0005], [1764.4, 0.0005], [1764.3, 1.3198], [1764.0, 0.0005], [1763.3, 0.0105], [1762.8, 0.0005], [1762.2, 0.0005], [1761.7, 1.421], [1761.0, 0.0005], [1760.8, 0.0005], [1760.4, 0.0005], [1760.3, 0.0005], [1760.2, 0.0005], [1759.2, 1.4313], [1757.5, 0.0005], [1757.4, 0.0005], [1757.2, 0.0005], [1756.4, 1.3758], [1755.0, 0.0005], [1754.9, 0.0005], [1754.8, 0.0005], [1754.7, 0.0005], [1754.6, 0.0099], [1753.9, 1.5458], [1751.3, 1.6332], [1748.8, 1.9058], [1748.7, 0.0005], [1748.3, 0.0005], [1747.1, 0.0005], [1747.0, 0.0005], [1746.1, 1.829], [1746.0, 0.01], [1745.2, 0.0005], [1745.1, 0.0005], [1743.7, 0.0005], [1743.6, 1.8284], [1741.7, 0.0005], [1741.6, 0.0005], [1741.0, 2.0563], [1740.0, 0.0005], [1738.5, 2.0502], [1738.2, 0.0011], [1738.0, 0.0005], [1737.9, 0.0005], [1737.3, 0.0102], [1735.9, 2.2547], [1734.4, 0.0005], [1734.3, 0.0005], [1733.8, 0.0005], [1733.4, 2.7538], [1733.3, 0.0005], [1732.9, 0.0005], [1732.7, 0.0005], [1732.0, 0.0005], [1731.6, 0.0001], [1731.3, 0.0001], [1731.2, 0.0005], [1731.1, 0.0005], [1730.9, 0.0006], [1730.8, 2.8535], [1730.3, 0.0005], [1730.0, 1.0], [1729.7, 0.0005], [1729.6, 0.0005]], "asks": [[1798.0, 0.0101], [1806.5, 1.3169], [1806.6, 0.01], [1809.7, 0.5909], [1813.9, 1.0682], [1815.3, 0.01], [1816.0, 0.9538], [1818.2, 1.2549], [1818.4, 1.4268], [1820.7, 1.1855], [1823.5, 1.238], [1824.0, 0.01], [1825.0, 5.0], [1826.2, 1.7364], [1830.2, 2.5889], [1831.5, 1.4745], [1832.6, 0.01], [1834.2, 1.5457], [1836.7, 1.6251], [1839.5, 1.665], [1841.3, 0.01], [1842.2, 2.1326], [1843.4, 0.0692], [1844.9, 2.645], [1847.5, 2.0651], [1847.7, 1.8313], [1850.0, 0.01], [1852.8, 2.0297], [1855.0, 5.0], [1855.5, 2.3096], [1859.1, 2.0935], [1875.0, 5.0], [1885.0, 5.0], [1897.6, 1.1215], [1902.2, 1.4882], [1906.2, 1.2519], [1915.0, 5.0], [1935.0, 5.0], [2025.5, 0.0148], [2072.1, 2.3564], [2100.0, 0.0001], [2161.2, 2.6414], [2168.0, 2.9568], [2200.0, 0.0001], [2300.0, 0.0001], [2400.0, 0.0001], [2500.0, 0.14], [2600.0, 0.3064], [17437.0, 0.03]], "action": "partial"}}
1618677881.1360571: {"type": "subscribed", "channel": "orderbook", "market": "SUSHIBEAR/USD"}
1618677881.136095: {"channel": "ticker", "market": "SXPBULL/USD", "type": "update", "data": {"bid": 51.675, "ask": 51.775, "bidSize": 28.768, "askSize": 1.596, "last": 51.775, "time": 1618677881.0577087}}
1618677881.169698: {"channel": "ticker", "market": "SXPBULL/USD", "type": "update", "data": {"bid": 51.675, "ask": 51.775, "bidSize": 28.768, "askSize": 1.596, "last": 51.775, "time": 1618677881.0845559}}
1618677881.179318: {"channel": "ticker", "market": "XRP/USD", "type": "update", "data": {"bid": 1.59105, "ask": 1.592025, "bidSize": 2.0, "askSize": 1100.0, "last": 1.5913, "time": 1618677881.102284}}
1618677881.2359738: {"channel": "ticker", "market": "AKRO/USD", "type": "update", "data": {"bid": 0.068165, "ask": 0.068565, "bidSize": 33.0, "askSize": 38308.0, "last": 0.06852, "time": 1618677881.161164}}
1618677881.236022: {"channel": "orderbook", "market": "AKRO/USD", "type": "partial", "data": {"time": 1618677881.161164, "checksum": 509768734, "bids": [[0.068165, 33.0], [0.06816, 38085.0], [0.068155, 15224.0], [0.068135, 188.0], [0.06801, 7629.0], [0.06798, 33.0], [0.06781, 1.0], [0.0678, 33.0], [0.067765, 155941.0], [0.067615, 33.0], [0.067435, 33.0], [0.0674, 1.0], [0.067255, 33.0], [0.06707, 33.0], [0.06698, 1.0], [0.06697, 156418.0], [0.06689, 34.0], [0.06671, 34.0], [0.066635, 188164.0], [0.06656, 1.0], [0.066535, 34.0], [0.066405, 9094.0], [0.0664, 3012.0], [0.066355, 34.0], [0.066175, 34.0], [0.06615, 217078.0], [0.06614, 1.0], [0.066035, 3749.0], [0.066, 64.0], [0.06582, 34.0], [0.06573, 1.0], [0.06564, 34.0], [0.06546, 34.0], [0.06531, 1.0], [0.065285, 34.0], [0.06511, 34.0], [0.06505, 319703.0], [0.06493, 35.0], [0.0649, 341744.0], [0.06489, 1.0], [0.064755, 35.0], [0.06458, 35.0], [0.06448, 1.0], [0.064405, 35.0], [0.06423, 35.0], [0.06406, 1.0], [0.064055, 35.0], [0.064025, 392156.0], [0.06388, 35.0], [0.06371, 35.0], [0.06364, 1.0], [0.063535, 35.0], [0.063365, 35.0], [0.06322, 1.0], [0.06321, 459550.0], [0.06319, 36.0], [0.06315, 452145.0], [0.06302, 36.0], [0.06285, 36.0], [0.06281, 1.0], [0.06268, 36.0], [0.06266, 4828.0], [0.0626, 405208.0], [0.06251, 36.0], [0.0625, 1172.0], [0.06239, 1.0], [0.06234, 36.0], [0.06217, 36.0], [0.062, 439.0], [0.06197, 1.0], [0.061835, 36.0], [0.061665, 36.0], [0.061625, 550529.0], [0.06156, 1.0], [0.0615, 37.0], [0.06133, 37.0], [0.061195, 408.0], [0.061165, 37.0], [0.06114, 542350.0], [0.061, 37.0], [0.060845, 821.0], [0.060835, 37.0], [0.06072, 1.0], [0.06067, 37.0], [0.060505, 37.0], [0.0605, 24793.0], [0.06034, 37.0], [0.06032, 7305.0], [0.06031, 1.0], [0.060175, 37.0], [0.060015, 37.0], [0.05989, 1.0], [0.05985, 38.0], [0.05969, 37.0], [0.05964, 1.0], [0.059525, 38.0], [0.05947, 1.0], [0.05945, 1.0], [0.05939, 1.0], [0.05937, 1.0]], "asks": [[0.068565, 38308.0], [0.06865, 1.0], [0.06875, 33.0], [0.068905, 160174.0], [0.068935, 33.0], [0.06906, 1.0], [0.06912, 33.0], [0.069305, 32.0], [0.06948, 1.0], [0.06949, 32.0], [0.06968, 32.0], [0.069865, 32.0], [0.0699, 1.0], [0.06997, 209200.0], [0.070055, 32.0], [0.070245, 32.0], [0.07031, 1.0], [0.070435, 32.0], [0.07054, 198634.0], [0.070625, 32.0], [0.07073, 1.0], [0.070815, 32.0], [0.071005, 32.0], [0.07115, 1.0], [0.071195, 13.0], [0.07139, 32.0], [0.07157, 1.0], [0.07158, 31.0], [0.071775, 306832.0], [0.071965, 31.0], [0.07198, 1.0], [0.072, 6.0], [0.07216, 31.0], [0.072205, 364013.0], [0.072355, 31.0], [0.0724, 1.0], [0.072415, 3791.0], [0.07282, 1.0], [0.073155, 324864.0], [0.07323, 1.0], [0.0733, 1853.0], [0.07365, 1.0], [0.074, 6.0], [0.07407, 1.0], [0.07448, 1.0], [0.07458, 323167.0], [0.0749, 1.0], [0.07532, 1.0], [0.0755, 358214.0], [0.0756, 5685.0], [0.07574, 1.0], [0.07575, 350949.0], [0.076, 6.0], [0.07615, 1.0], [0.07657, 1.0], [0.07699, 1.0], [0.07716, 501334.0], [0.0774, 1.0], [0.07741, 1000.0], [0.077455, 343542.0], [0.07782, 1.0], [0.078, 6.0], [0.07822, 527302.0], [0.07824, 1.0], [0.07866, 1.0], [0.07907, 1.0], [0.07924, 25.0], [0.07942, 25.0], [0.07949, 1.0], [0.079695, 25.0], [0.07982, 25.0], [0.07991, 1.0], [0.08, 13908.0], [0.08005, 5849.0], [0.080075, 25.0], [0.08026, 25.0], [0.08032, 1.0], [0.080455, 25.0], [0.080655, 25.0], [0.08074, 1.0], [0.0808, 76296.0], [0.08085, 25.0], [0.081, 24998.0], [0.08116, 1.0], [0.08157, 1.0], [0.081675, 4000.0], [0.081985, 4643.0], [0.08199, 1.0], [0.082, 6.0], [0.08241, 1.0], [0.0825, 25.0], [0.08283, 1.0], [0.08324, 1.0], [0.08366, 1.0], [0.084, 12178.0], [0.08408, 1.0], [0.08449, 1.0], [0.08491, 1.0], [0.085, 1084.0], [0.08533, 1.0]], "action": "partial"}}
1618677881.2703009: {"channel": "ticker", "market": "ZECBULL/USD", "type": "update", "data": {"bid": 7187.5, "ask": 7295.0, "bidSize": 0.63174, "askSize": 0.60465, "last": 7152.5, "time": 1618677881.1954532}}
1618677881.284116: {"channel": "ticker", "market": "XRP/USD", "type": "update", "data": {"bid": 1.59105, "ask": 1.592025, "bidSize": 2.0, "askSize": 1100.0, "last": 1.5913, "time": 1618677881.2098222}}
1618677881.317843: {"channel": "ticker", "market": "SXPBULL/USD", "type": "update", "data": {"bid": 51.675, "ask": 51.775, "bidSize": 28.768, "askSize": 1.596, "last": 51.775, "time": 1618677881.2334156}}
1618677881.335257: {"channel": "ticker", "market": "THETAHEDGE/USD", "type": "update", "data": {"bid": 24.89, "ask": 25.455, "bidSize": 145.67, "askSize": 182.75, "last": 25.3525, "time": 1618677881.2639272}}
1618677881.335297: {"channel": "orderbook", "market": "THETAHEDGE/USD", "type": "partial", "data": {"time": 1618677881.2639272, "checksum": 3276145593, "bids": [[24.89, 145.67], [24.865, 1136.87], [24.8225, 1266.79], [24.72, 1.62], [24.7175, 1577.28], [24.4575, 0.13], [23.785, 923.08], [23.6925, 0.13], [22.9225, 0.14], [22.715, 8685.69], [22.1425, 0.14], [21.355, 0.15]], "asks": [[25.455, 182.75], [25.5375, 1282.45], [25.635, 1260.44], [25.65, 1382.08], [25.99, 0.07], [26.825, 661.7], [28.09, 7536.62], [55.78, 0.5], [111.0, 0.5], [223.0, 0.5], [446.0, 0.5], [892.0, 0.5], [1784.0, 0.5], [3569.0, 0.5], [7139.0, 0.5], [10000.0, 0.04], [14279.0, 0.5], [20000.0, 0.01], [28559.0, 0.5], [30000.0, 0.01], [90000.0, 0.01]], "action": "partial"}}
1618677881.369478: {"channel": "ticker", "market": "XRP/USD", "type": "update", "data": {"bid": 1.59105, "ask": 1.592025, "bidSize": 2.0, "askSize": 1100.0, "last": 1.5913, "time": 1618677881.2964675}}
1618677881.42322: {"channel": "ticker", "market": "SXPBULL/USD", "type": "update", "data": {"bid": 51.675, "ask": 51.775, "bidSize": 28.768, "askSize": 1.596, "last": 51.775, "time": 1618677881.3352423}}
1618677881.423315: {"channel": "orderbook", "market": "SXPBULL/USD", "type": "partial", "data": {"time": 1618677881.3352423, "checksum": 400692486, "bids": [[51.675, 28.768], [51.525, 34.4], [51.5, 0.137], [51.425, 0.227], [51.4, 1.556], [51.375, 29.89], [51.3, 0.825], [51.275, 1.789], [51.25, 1.438], [51.225, 2.152], [51.2, 1.717], [51.175, 3.862], [51.15, 3.078], [51.125, 6.181], [51.1, 0.441], [51.075, 2.083], [51.05, 0.482], [51.025, 6.02], [51.0, 11.721], [50.975, 0.167], [50.95, 0.895], [50.925, 0.526], [50.9, 0.47], [50.875, 6.11], [50.85, 3.082], [50.825, 2.51], [50.8, 3.966], [50.775, 6.368], [50.75, 1.959], [50.725, 0.135], [50.7, 34.811], [50.675, 1.321], [50.65, 0.84], [50.625, 0.589], [50.6, 9.259], [50.575, 6.733], [50.55, 5.017], [50.525, 4.163], [50.5, 101.893], [50.475, 0.381], [50.45, 2.893], [50.425, 0.624], [50.4, 2.112], [50.375, 0.3], [50.35, 6.581], [50.325, 22.452], [50.3, 2.904], [50.275, 318.212], [50.25, 0.23], [50.225, 0.32], [50.2, 4.21], [50.175, 3.999], [50.15, 0.385], [50.125, 4.117], [50.1, 4.609], [50.075, 2.523], [50.05, 0.699], [50.025, 1.907], [50.0, 16.812], [49.975, 1.498], [49.95, 0.562], [49.925, 0.431], [49.9, 3.582], [49.875, 0.251], [49.85, 4.795], [49.825, 282.861], [49.8, 6.566], [49.775, 3.56], [49.75, 8.628], [49.725, 0.576], [49.7, 2.715], [49.675, 1.705], [49.65, 0.826], [49.625, 2.186], [49.6, 10.621], [49.575, 6.791], [49.55, 0.789], [49.525, 1.367], [49.5, 5.248], [49.475, 262.445], [49.45, 4.978], [49.425, 0.118], [49.4, 5.473], [49.375, 33.835], [49.35, 4.976], [49.325, 0.959], [49.3, 0.519], [49.275, 0.613], [49.25, 3.391], [49.225, 313.447], [49.2, 3.483], [49.175, 3.144], [49.15, 0.582], [49.125, 0.588], [49.1, 4.811], [49.075, 0.656], [49.05, 2.231], [49.025, 0.248], [49.0, 53.247], [48.975, 5.546]], "asks": [[51.775, 1.596], [51.8, 0.088], [51.825, 0.059], [51.85, 3.287], [51.875, 2.366], [51.9, 0.263], [51.925, 0.188], [51.95, 6.338], [51.975, 16.163], [52.0, 1.139], [52.05, 0.083], [52.075, 3.72], [52.1, 0.338], [52.125, 1.107], [52.15, 0.488], [52.175, 0.609], [52.2, 12.658], [52.225, 1.146], [52.25, 0.732], [52.275, 0.562], [52.3, 3.019], [52.325, 1.846], [52.35, 2.17], [52.375, 26.555], [52.4, 3.144], [52.425, 38.895], [52.45, 5.165], [52.475, 0.41], [52.5, 1.44], [52.525, 3.459], [52.55, 5.803], [52.575, 82.619], [52.6, 0.542], [52.625, 0.847], [52.65, 2.231], [52.675, 0.298], [52.7, 3.808], [52.725, 6.306], [52.75, 30.675], [52.775, 1.361], [52.8, 0.817], [52.825, 3.951], [52.85, 357.494], [52.875, 2.772], [52.9, 0.789], [52.925, 1.209], [52.95, 3.391], [52.975, 0.576], [53.0, 222.697], [53.025, 3.958], [53.05, 9.627], [53.075, 1.904], [53.1, 118.276], [53.125, 1.28], [53.15, 3.758], [53.175, 312.419], [53.2, 4.981], [53.225, 0.271], [53.25, 11.617], [53.275, 0.561], [53.3, 0.968], [53.325, 1.237], [53.35, 1.396], [53.375, 1.695], [53.4, 1.63], [53.425, 1.547], [53.45, 1.124], [53.475, 2.393], [53.5, 1.474], [53.525, 4.71], [53.55, 5.048], [53.575, 4.553], [53.6, 1.538], [53.625, 1.268], [53.65, 1.354], [53.675, 1.818], [53.7, 533.958], [53.725, 0.803], [53.75, 0.638], [53.775, 0.515], [53.8, 4.927], [53.825, 1.249], [53.85, 13.559], [53.875, 3.218], [53.9, 54.009], [53.925, 1.78], [53.95, 0.801], [53.975, 0.35], [54.0, 432.706], [54.025, 1.019], [54.05, 7.892], [54.075, 7.509], [54.1, 3.23], [54.125, 0.756], [54.15, 3.459], [54.175, 0.531], [54.2, 0.493], [54.225, 431.085], [54.25, 8.593], [54.275, 7.631]], "action": "partial"}}
1618677881.4669352: {"channel": "ticker", "market": "SXPBULL/USD", "type": "update", "data": {"bid": 51.675, "ask": 51.775, "bidSize": 28.768, "askSize": 1.596, "last": 51.775, "time": 1618677881.385007}}
1618677881.467031: {"channel": "orderbook", "market": "SXPBULL/USD", "type": "update", "data": {"time": 1618677881.385007, "checksum": 117816834, "bids": [[51.05, 12.35]], "asks": [], "action": "update"}}
1618677881.472248: {"channel": "ticker", "market": "XRP/USD", "type": "update", "data": {"bid": 1.59105, "ask": 1.592025, "bidSize": 2.0, "askSize": 1100.0, "last": 1.5913, "time": 1618677881.398072}}
1618677881.540194: {"channel": "ticker", "market": "XRP/USD", "type": "update", "data": {"bid": 1.59105, "ask": 1.592025, "bidSize": 2.0, "askSize": 5.0, "last": 1.5913, "time": 1618677881.454166}}
1618677881.561721: {"channel": "ticker", "market": "XRP/USD", "type": "update", "data": {"bid": 1.59105, "ask": 1.592025, "bidSize": 2.0, "askSize": 5.0, "last": 1.5913, "time": 1618677881.4718623}}
1618677881.587484: {"channel": "ticker", "market": "XRP/USD", "type": "update", "data": {"bid": 1.59105, "ask": 1.592025, "bidSize": 2.0, "askSize": 5.0, "last": 1.5913, "time": 1618677881.49819}}
1618677881.642671: {"channel": "ticker", "market": "XRP/USD", "type": "update", "data": {"bid": 1.59105, "ask": 1.592025, "bidSize": 1102.0, "askSize": 5.0, "last": 1.5913, "time": 1618677881.5542355}}
1618677881.642765: {"channel": "orderbook", "market": "XRP/USD", "type": "partial", "data": {"time": 1618677881.5542355, "checksum": 2034651458, "bids": [[1.59105, 1102.0], [1.590775, 532.0], [1.5907, 2513.0], [1.59025, 63.0], [1.590075, 2040.0], [1.5898, 3511.0], [1.589625, 1453.0], [1.589275, 3675.0], [1.58925, 1366.0], [1.589, 4690.0], [1.588925, 4371.0], [1.588875, 367277.0], [1.58885, 5610.0], [1.5884, 1412.0], [1.588, 5300.0], [1.587475, 1.0], [1.587075, 2179.0], [1.586325, 95503.0], [1.58625, 1.0], [1.586, 1541.0], [1.5855, 1569.0], [1.5852, 162700.0], [1.585, 3185.0], [1.5846, 2455.0], [1.5845, 1495.0], [1.584275, 1.0], [1.5842, 4.0], [1.5841, 1412.0], [1.583925, 9817.0], [1.583625, 169187.0], [1.5835, 1585.0], [1.583, 9782.0], [1.5825, 1583.0], [1.582, 1474.0], [1.581675, 163999.0], [1.581125, 194978.0], [1.581075, 1.0], [1.581, 657.0], [1.5807, 1.0], [1.5798, 1413.0], [1.579675, 158863.0], [1.5795, 1.0], [1.579475, 245960.0], [1.57915, 186913.0], [1.5786, 4.0], [1.57785, 4.0], [1.576875, 1.0], [1.575675, 1.0], [1.5756, 1412.0], [1.5755, 1.0], [1.574875, 1.0], [1.573975, 173414.0], [1.5739, 83093.0], [1.573125, 3.0], [1.573, 24.0], [1.572925, 260277.0], [1.572725, 1.0], [1.57265, 1.0], [1.5717, 1.0], [1.571425, 292.0], [1.5714, 10.0], [1.5713, 1313.0], [1.571, 1.0], [1.57095, 5.0], [1.57045, 1.0], [1.57, 105.0], [1.569825, 4310.0], [1.569475, 4.0], [1.56855, 331.0], [1.5684, 1.0], [1.568375, 20.0], [1.56835, 4.0], [1.567725, 41565.0], [1.5677, 274881.0], [1.5674, 4.0], [1.5673, 3.0], [1.567, 1412.0], [1.5659, 308589.0], [1.565575, 1.0], [1.5654, 1.0], [1.564325, 1.0], [1.563425, 251989.0], [1.56305, 214197.0], [1.5628, 1413.0], [1.561875, 303925.0], [1.5617, 4.0], [1.56165, 15939.0], [1.56115, 4.0], [1.560525, 4.0], [1.5605, 1.0], [1.56, 10.0], [1.5594, 2.0], [1.55905, 1.0], [1.5585, 1412.0], [1.5578, 312008.0], [1.5573, 1.0], [1.557225, 3.0], [1.5571, 10.0], [1.556625, 1.0], [1.5561, 4.0]], "asks": [[1.592025, 5.0], [1.59205, 1.0], [1.593175, 633.0], [1.593625, 1.0], [1.593725, 2511.0], [1.593875, 5460.0], [1.5939, 4263.0], [1.593925, 5353.0], [1.594, 4911.0], [1.594175, 1404.0], [1.594225, 8183.0], [1.594475, 3785.0], [1.5945, 1441.0], [1.59455, 1375.0], [1.594925, 1.0], [1.59495, 1433.0], [1.595, 3218.0], [1.595075, 292474.0], [1.595325, 4.0], [1.5955, 1554.0], [1.5956, 1.0], [1.5957, 1685.0], [1.595725, 89410.0], [1.595775, 100707.0], [1.596, 1596.0], [1.596325, 3800.0], [1.5965, 4063.0], [1.5969, 1412.0], [1.597, 1444.0], [1.59715, 8279.0], [1.597675, 55.0], [1.598, 1709.0], [1.59825, 189.0], [1.5983, 654.0], [1.5984, 157.0], [1.5985, 2769.0], [1.5987, 1.0], [1.598925, 2.0], [1.599, 1582.0], [1.59915, 10.0], [1.599375, 187389.0], [1.5999, 10.0], [1.59995, 119410.0], [1.599975, 20.0], [1.6, 5.0], [1.6011, 4.0], [1.6012, 1412.0], [1.601275, 189799.0], [1.6017, 1.0], [1.6018, 6.0], [1.6022, 1.0], [1.60305, 223161.0], [1.603375, 4.0], [1.603475, 284426.0], [1.603825, 4.0], [1.6049, 2.0], [1.6053, 256841.0], [1.60535, 159840.0], [1.6055, 1412.0], [1.6057, 1.0], [1.60605, 253513.0], [1.606275, 1.0], [1.606425, 181799.0], [1.606625, 41645.0], [1.6067, 4.0], [1.6069, 2.0], [1.607075, 314202.0], [1.6076, 1.0], [1.60805, 4.0], [1.608575, 48.0], [1.608725, 232163.0], [1.609175, 247632.0], [1.6097, 1412.0], [1.61015, 22.0], [1.610825, 228258.0], [1.61085, 266263.0], [1.611025, 2180.0], [1.6123, 4.0], [1.612375, 4.0], [1.612525, 228089.0], [1.6128, 1.0], [1.613025, 6.0], [1.614, 764.0], [1.6142, 10.0], [1.615, 221.0], [1.615625, 15778.0], [1.6158, 1.0], [1.616125, 4.0], [1.61645, 248476.0], [1.616575, 343352.0], [1.6166, 1.0], [1.6178, 1.0], [1.6179, 4.0], [1.6183, 1412.0], [1.6195, 129.0], [1.62, 33.0], [1.620775, 2.0], [1.620975, 3.0], [1.6215, 6.0], [1.6225, 1413.0]], "action": "partial"}}
1618677881.6436071: {"channel": "ticker", "market": "SXPBULL/USD", "type": "update", "data": {"bid": 51.675, "ask": 51.775, "bidSize": 28.768, "askSize": 1.596, "last": 51.775, "time": 1618677881.5573564}}
1618677881.6436422: {"channel": "orderbook", "market": "SXPBULL/USD", "type": "update", "data": {"time": 1618677881.5573564, "checksum": 400692486, "bids": [[51.05, 0.482]], "asks": [], "action": "update"}}
1618677881.652576: {"channel": "ticker", "market": "XRP/USD", "type": "update", "data": {"bid": 1.591075, "ask": 1.592025, "bidSize": 1100.0, "askSize": 5.0, "last": 1.5913, "time": 1618677881.5729685}}
1618677881.652627: {"channel": "orderbook", "market": "XRP/USD", "type": "update", "data": {"time": 1618677881.5729685, "checksum": 2200371702, "bids": [[1.591075, 1100.0], [1.59105, 2.0], [1.5561, 0.0]], "asks": [[1.593875, 0.0], [1.5957, 0.0], [1.623, 8078.0], [1.623175, 2.0]], "action": "update"}}
1618677881.676213: {"channel": "ticker", "market": "BTC-MOVE-WK-0507", "type": "update", "data": {"bid": 4233.0, "ask": 4480.0, "bidSize": 0.0001, "askSize": 0.75, "last": 4097.0, "time": 1618677881.5981214}}
1618677881.676265: {"channel": "orderbook", "market": "BTC-MOVE-WK-0507", "type": "partial", "data": {"time": 1618677881.5981214, "checksum": 901794806, "bids": [[4233.0, 0.0001], [4232.0, 2.2558], [4223.0, 3.0], [4139.0, 2.6323], [4121.0, 0.75], [4007.0, 1.5601], [3951.0, 1.8986], [3865.0, 4.0415], [3810.0, 2.9098], [3533.0, 3.6388], [3528.0, 2.734], [3422.0, 4.8814], [3360.0, 4.4035], [3207.0, 3.7228], [3054.0, 3.8222], [2904.0, 4.4623], [2764.0, 3.977], [2677.0, 4.4789], [2551.0, 5.8532], [2257.0, 7.0166], [2193.0, 7.6303], [1792.0, 10.9597]], "asks": [[4480.0, 0.75], [4481.0, 0.01], [4540.0, 2.3303], [4590.0, 1.9], [4642.0, 3.0162], [4663.0, 3.0], [4676.0, 1.6056], [4963.0, 1.7686], [4983.0, 0.003], [4999.0, 1.0], [5049.0, 1.0], [5099.0, 1.0], [5149.0, 1.0], [5160.0, 1.8926], [5283.0, 0.003], [5372.0, 2.6241], [5601.0, 2.54], [5648.0, 3.8069], [5649.0, 3.1212], [5783.0, 0.003], [5850.0, 0.05], [6050.0, 0.05], [6145.0, 2.6329], [6184.0, 4.2402], [6250.0, 0.05], [6400.0, 0.2], [6450.0, 0.05], [6514.0, 3.4714], [6771.0, 5.067], [6800.0, 0.2], [7051.0, 5.1213], [7414.0, 3.7892], [7473.0, 4.9852], [8038.0, 6.6824], [9101.0, 8.4351], [10229.0, 6.8484], [11489.0, 8.0186]], "action": "partial"}}
1618677881.676471: {"channel": "ticker", "market": "SXPBULL/USD", "type": "update", "data": {"bid": 51.675, "ask": 51.775, "bidSize": 28.768, "askSize": 1.596, "last": 51.775, "time": 1618677881.584734}}
1618677881.676497: {"channel": "orderbook", "market": "SXPBULL/USD", "type": "update", "data": {"time": 1618677881.584734, "checksum": 2299278095, "bids": [], "asks": [[52.5, 1.524]], "action": "update"}}
1618677881.7178571: {"channel": "ticker", "market": "XRP/USD", "type": "update", "data": {"bid": 1.591075, "ask": 1.59205, "bidSize": 1100.0, "askSize": 1.0, "last": 1.592025, "time": 1618677881.608664}}
1618677881.717897: {"channel": "trades", "market": "XRP/USD", "type": "update", "data": [{"id": 797751006, "price": 1.592025, "size": 5.0, "side": "buy", "liquidation": false, "time": "2021-04-17T16:44:41.605564+00:00"}]}
1618677881.717955: {"channel": "orderbook", "market": "XRP/USD", "type": "update", "data": {"time": 1618677881.608664, "checksum": 1993312281, "bids": [[1.588875, 0.0], [1.5561, 4.0]], "asks": [[1.592025, 0.0], [1.62335, 8051.0]], "action": "update"}}
1618677881.750815: {"channel": "ticker", "market": "XRP/USD", "type": "update", "data": {"bid": 1.591075, "ask": 1.59205, "bidSize": 6380.0, "askSize": 1.0, "last": 1.592025, "time": 1618677881.6729164}}
1618677881.750856: {"channel": "orderbook", "market": "XRP/USD", "type": "update", "data": {"time": 1618677881.6729164, "checksum": 1013115250, "bids": [[1.591075, 6380.0]], "asks": [], "action": "update"}}
1618677881.782239: {"channel": "ticker", "market": "SUSHIBEAR/USD", "type": "update", "data": {"bid": 1.201e-05, "ask": 1.22e-05, "bidSize": 91430000.0, "askSize": 8700000.0, "last": 1.25e-05, "time": 1618677881.7066672}}
1618677881.7822778: {"channel": "ticker", "market": "SXPBULL/USD", "type": "update", "data": {"bid": 51.675, "ask": 51.775, "bidSize": 28.768, "askSize": 1.596, "last": 51.775, "time": 1618677881.691584}}
1618677881.784395: {"channel": "orderbook", "market": "SXPBULL/USD", "type": "update", "data": {"time": 1618677881.691584, "checksum": 3463709329, "bids": [[51.05, 1.669]], "asks": [], "action": "update"}}
1618677881.798144: {"channel": "ticker", "market": "XRP/USD", "type": "update", "data": {"bid": 1.591075, "ask": 1.59205, "bidSize": 6380.0, "askSize": 1.0, "last": 1.592025, "time": 1618677881.7235777}}
1618677881.79818: {"channel": "orderbook", "market": "XRP/USD", "type": "update", "data": {"time": 1618677881.7235777, "checksum": 4105758199, "bids": [[1.5907, 0.0], [1.590525, 1438.0], [1.589275, 0.0], [1.55565, 2.0]], "asks": [[1.5934, 633.0], [1.593725, 0.0], [1.594175, 0.0], [1.6235, 4.0]], "action": "update"}}
1618677881.8256462: {"channel": "ticker", "market": "XRP/USD", "type": "update", "data": {"bid": 1.591075, "ask": 1.59205, "bidSize": 6380.0, "askSize": 1.0, "last": 1.592025, "time": 1618677881.7483766}}
1618677881.8256829: {"channel": "orderbook", "market": "XRP/USD", "type": "update", "data": {"time": 1618677881.7483766, "checksum": 1049591304, "bids": [[1.589625, 5128.0]], "asks": [], "action": "update"}}
1618677881.861726: {"channel": "ticker", "market": "NVDA-0625", "type": "update", "data": {"bid": 638.05, "ask": 643.45, "bidSize": 0.03, "askSize": 59.4625, "last": 644.15, "time": 1618677881.7723677}}
1618677881.861801: {"channel": "orderbook", "market": "NVDA-0625", "type": "partial", "data": {"time": 1618677881.7723677, "checksum": 3644189371, "bids": [[638.05, 0.03], [636.15, 0.05], [635.05, 62.0925], [634.9, 13.6125], [633.9, 41.195], [633.4, 57.6625], [633.15, 61.2725], [632.25, 62.3975], [631.15, 82.5325], [630.1, 56.86], [628.9, 84.31], [627.6, 74.835], [626.15, 64.96], [624.7, 186.73], [623.3, 0.05], [623.15, 76.1225], [610.4, 0.1], [578.2, 223.52], [578.1, 243.6875], [551.3, 364.3225], [524.9, 401.9425], [508.5, 9.0], [507.0, 6.0], [499.1, 512.5025]], "asks": [[643.45, 59.4625], [643.8, 17.3975], [644.4, 30.7375], [646.1, 40.775], [647.0, 54.0775], [648.0, 57.82], [649.0, 58.2675], [650.15, 74.885], [651.35, 63.7475], [652.7, 69.245], [654.2, 100.9975], [655.8, 70.5525], [657.35, 90.945], [659.6, 0.05], [680.15, 57.48], [712.15, 247.975], [746.7, 304.305], [784.0, 349.4375], [824.3, 438.895], [867.85, 403.11]], "action": "partial"}}
1618677881.8969128: {"channel": "ticker", "market": "XRP/USD", "type": "update", "data": {"bid": 1.591075, "ask": 1.59205, "bidSize": 6380.0, "askSize": 1.0, "last": 1.592025, "time": 1618677881.7935188}}
1618677881.8969522: {"channel": "orderbook", "market": "XRP/USD", "type": "update", "data": {"time": 1618677881.7935188, "checksum": 1487563444, "bids": [], "asks": [[1.593175, 0.0], [1.6239, 1.0]], "action": "update"}}
1618677881.897005: {"channel": "ticker", "market": "THETAHEDGE/USD", "type": "update", "data": {"bid": 24.89, "ask": 25.4225, "bidSize": 145.67, "askSize": 183.67, "last": 25.3525, "time": 1618677881.8058205}}
1618677881.897027: {"channel": "orderbook", "market": "THETAHEDGE/USD", "type": "update", "data": {"time": 1618677881.8058205, "checksum": 2207731473, "bids": [], "asks": [[25.4225, 183.67]], "action": "update"}}
1618677881.897059: {"channel": "ticker", "market": "SUSHIBEAR/USD", "type": "update", "data": {"bid": 1.201e-05, "ask": 1.22e-05, "bidSize": 91430000.0, "askSize": 8700000.0, "last": 1.25e-05, "time": 1618677881.802644}}
1618677881.903614: {"channel": "ticker", "market": "SXPBULL/USD", "type": "update", "data": {"bid": 51.675, "ask": 51.775, "bidSize": 28.768, "askSize": 1.596, "last": 51.775, "time": 1618677881.8234105}}
1618677881.903709: {"channel": "orderbook", "market": "SXPBULL/USD", "type": "update", "data": {"time": 1618677881.8234105, "checksum": 2718027086, "bids": [[51.025, 0.198]], "asks": [], "action": "update"}}
1618677881.934749: {"channel": "ticker", "market": "SXPBULL/USD", "type": "update", "data": {"bid": 51.675, "ask": 51.775, "bidSize": 28.768, "askSize": 1.596, "last": 51.775, "time": 1618677881.8481572}}
1618677881.934796: {"channel": "orderbook", "market": "SXPBULL/USD", "type": "update", "data": {"time": 1618677881.8481572, "checksum": 3207825186, "bids": [[51.05, 0.482]], "asks": [[52.375, 0.155]], "action": "update"}}
1618677881.983791: {"channel": "ticker", "market": "XRP/USD", "type": "update", "data": {"bid": 1.591075, "ask": 1.5934, "bidSize": 6380.0, "askSize": 633.0, "last": 1.59205, "time": 1618677881.880787}}
1618677881.983833: {"channel": "trades", "market": "XRP/USD", "type": "update", "data": [{"id": 797751031, "price": 1.59205, "size": 1.0, "side": "buy", "liquidation": false, "time": "2021-04-17T16:44:41.878374+00:00"}]}
1618677881.9838889: {"channel": "orderbook", "market": "XRP/USD", "type": "update", "data": {"time": 1618677881.880787, "checksum": 4105269541, "bids": [], "asks": [[1.59205, 0.0], [1.62425, 4.0]], "action": "update"}}
1618677882.000795: {"channel": "ticker", "market": "XRP/USD", "type": "update", "data": {"bid": 1.591075, "ask": 1.5934, "bidSize": 6380.0, "askSize": 633.0, "last": 1.59205, "time": 1618677881.921854}}
1618677882.0008361: {"channel": "orderbook", "market": "XRP/USD", "type": "update", "data": {"time": 1618677881.921854, "checksum": 1592148127, "bids": [[1.591, 2513.0], [1.5815, 1527.0], [1.5561, 0.0], [1.55565, 0.0]], "asks": [[1.594025, 2511.0], [1.62425, 0.0]], "action": "update"}}
1618677882.025801: {"channel": "ticker", "market": "SXPBULL/USD", "type": "update", "data": {"bid": 51.675, "ask": 51.775, "bidSize": 28.768, "askSize": 1.596, "last": 51.775, "time": 1618677881.9474382}}
1618677882.025842: {"channel": "orderbook", "market": "SXPBULL/USD", "type": "update", "data": {"time": 1618677881.9474382, "checksum": 1761722564, "bids": [], "asks": [[52.4, 3.18]], "action": "update"}}
1618677882.043544: {"channel": "ticker", "market": "AMD/USD", "type": "update", "data": {"bid": 81.94, "ask": 82.37, "bidSize": 0.08, "askSize": 472.66, "last": 82.45, "time": 1618677881.969603}}
1618677882.043582: {"channel": "orderbook", "market": "AMD/USD", "type": "partial", "data": {"time": 1618677881.969603, "checksum": 1935389369, "bids": [[81.94, 0.08], [81.69, 691.17], [81.53, 169.49], [81.52, 0.08], [81.27, 253.76], [81.17, 273.11], [81.13, 0.04], [81.1, 0.08], [81.06, 1.21], [81.05, 302.72], [81.0, 7.0], [80.99, 237.88], [80.78, 0.04], [80.68, 0.08], [80.48, 472.74], [80.44, 327.88], [80.29, 445.73], [80.26, 338.7], [80.1, 413.37], [80.07, 422.83], [79.92, 447.08], [79.84, 0.08], [79.72, 499.93], [79.42, 0.08], [79.0, 0.08], [78.0, 0.1], [77.0, 0.1], [76.0, 0.1], [75.0, 0.2], [74.63, 1.48], [74.48, 1138.04], [74.26, 1706.49], [74.0, 0.1], [73.0, 0.1], [72.0, 0.1], [71.25, 1687.28], [71.0, 0.1], [70.0, 0.1], [69.0, 0.1], [68.28, 1646.0], [65.56, 1947.45]], "asks": [[82.37, 472.66], [82.49, 135.95], [82.68, 221.33], [82.78, 0.08], [82.88, 217.99], [83.07, 355.21], [83.21, 0.08], [83.27, 293.5], [83.46, 285.58], [83.63, 0.08], [83.65, 469.8], [83.84, 507.72], [84.04, 391.69], [84.05, 0.08], [84.24, 566.31], [84.42, 495.76], [84.47, 0.08], [84.61, 624.11], [84.89, 0.08], [85.0, 0.43], [85.09, 0.1], [85.31, 0.08], [85.73, 0.08], [86.0, 0.1], [86.15, 0.08], [86.5, 0.1], [86.57, 0.08], [87.0, 0.08], [87.07, 1073.71], [87.8, 20.0], [88.0, 0.1], [89.0, 4.0], [89.5, 0.1], [90.0, 0.01], [91.0, 0.26], [91.21, 1504.53], [92.0, 0.01], [93.0, 0.01], [95.33, 1886.21], [96.0, 0.21], [98.0, 0.01], [98.5, 0.2], [98.89, 9.99], [99.37, 1793.43], [100.0, 2.03], [102.0, 0.01], [103.47, 2130.16], [104.0, 0.01], [106.0, 0.01], [107.04, 2482.54], [131.0, 0.99]], "action": "partial"}}
1618677882.100862: {"channel": "ticker", "market": "XRP/USD", "type": "update", "data": {"bid": 1.591075, "ask": 1.593225, "bidSize": 6380.0, "askSize": 1100.0, "last": 1.59205, "time": 1618677882.0204022}}
1618677882.1009018: {"channel": "orderbook", "market": "XRP/USD", "type": "update", "data": {"time": 1618677882.0204022, "checksum": 4143697153, "bids": [], "asks": [[1.593225, 1100.0], [1.594025, 0.0]], "action": "update"}}
1618677882.11453: {"channel": "ticker", "market": "ZECBULL/USD", "type": "update", "data": {"bid": 7187.5, "ask": 7295.0, "bidSize": 0.63174, "askSize": 0.60465, "last": 7152.5, "time": 1618677882.0354176}}
1618677882.114568: {"channel": "orderbook", "market": "ZECBULL/USD", "type": "partial", "data": {"time": 1618677882.0354176, "checksum": 728765294, "bids": [[7187.5, 0.63174], [7170.0, 1e-05], [7100.0, 2.37034], [7005.0, 1.71047], [6955.0, 0.05857], [6952.5, 1.93667], [6912.5, 2.16635], [6885.0, 3.3285], [6840.0, 0.00021], [6765.0, 3.11987], [6762.5, 2.23897], [6667.5, 3.04729], [6630.0, 2.80635], [6602.5, 0.00089], [6600.0, 2.85106], [6552.5, 1.92504], [6550.0, 0.03019], [6525.0, 15.49135], [6500.0, 0.03076], [6490.0, 2.54065], [6370.0, 17.47201], [6337.5, 16.62347], [6250.0, 0.8], [6095.0, 21.70248], [6040.0, 0.11791], [5825.0, 1.0], [5822.5, 23.78117], [5700.0, 0.17543], [5400.0, 0.02314], [5260.0, 0.00095], [5220.0, 1.0], [5082.5, 0.02214], [4995.0, 0.001], [4735.0, 0.0117], [4277.5, 0.02354], [3600.0, 0.03472], [2400.0, 0.10208], [2301.0, 0.04345], [2101.0, 0.04759], [2001.0, 0.04997], [1901.0, 0.0526], [1801.0, 0.05552], [1701.0, 0.05878], [1650.0, 0.07575], [1643.0, 0.1217], [1524.0, 0.0096], [1501.0, 0.06662], [1384.0, 0.0101], [1201.0, 0.08326], [1151.0, 0.0087], [1100.0, 0.11363], [1001.0, 0.0999], [1000.0, 0.005], [901.0, 0.11098], [808.0, 0.01], [800.0, 0.7052]], "asks": [[7295.0, 0.60465], [7307.5, 2.00806], [7330.0, 2.56957], [7350.0, 1.91774], [7362.5, 0.02774], [7417.5, 1.9473], [7467.5, 0.0008], [7532.5, 3.088], [7547.5, 4.84679], [7615.0, 2.63705], [7635.0, 4.22299], [7650.0, 1.95015], [7792.5, 4.19768], [7820.0, 5.99843], [7852.5, 4.59103], [8000.0, 0.14803], [8020.0, 0.09195], [8150.0, 0.001], [8550.0, 1.53079], [8652.0, 0.00919], [9000.0, 1.0952], [9085.0, 19.54425], [9192.5, 28.94761], [9380.0, 23.77249], [9417.5, 19.54278], [9457.5, 27.83476], [9500.0, 0.15767], [9597.5, 0.0498], [10000.0, 0.9231], [10290.0, 0.00047], [10500.0, 0.00442], [10900.0, 0.39396], [11000.0, 1.73469], [11500.0, 0.44668], [12000.0, 0.85297], [12500.0, 0.29765], [13000.0, 0.5], [14000.0, 3.30707], [14264.0, 0.0105], [14704.0, 0.00352], [15000.0, 0.575], [15435.0, 0.00047], [16000.0, 0.5], [17000.0, 0.5], [18000.0, 0.65217], [18500.0, 0.28914], [19000.0, 0.25665], [21000.0, 0.69035], [23000.0, 0.49015], [24000.0, 0.00017], [24500.0, 0.2636], [25000.0, 0.1], [27000.0, 0.00462], [29408.0, 0.00352], [32000.0, 0.32611], [40000.0, 0.00312], [50000.0, 0.15], [56595.0, 0.00047], [58816.0, 0.00352], [60000.0, 0.00208], [70000.0, 0.1], [75000.0, 0.0355], [100000.0, 0.46698], [117632.0, 0.00352], [150000.0, 0.05], [159495.0, 0.00047], [200000.0, 0.0525], [235264.0, 0.00352], [470528.0, 0.00352], [500000.0, 0.0327], [941056.0, 0.00352], [1882112.0, 0.00352], [3764224.0, 0.00352]], "action": "partial"}}
1618677882.123272: {"channel": "ticker", "market": "XRP/USD", "type": "update", "data": {"bid": 1.591075, "ask": 1.593225, "bidSize": 6380.0, "askSize": 1100.0, "last": 1.59205, "time": 1618677882.0439568}}
1618677882.123314: {"channel": "orderbook", "market": "XRP/USD", "type": "update", "data": {"time": 1618677882.0439568, "checksum": 1604065879, "bids": [], "asks": [[1.5984, 0.0], [1.62425, 4.0]], "action": "update"}}
1618677882.1254761: {"channel": "ticker", "market": "SUSHIBEAR/USD", "type": "update", "data": {"bid": 1.201e-05, "ask": 1.22e-05, "bidSize": 91430000.0, "askSize": 8700000.0, "last": 1.25e-05, "time": 1618677882.047766}}
1618677882.125512: {"channel": "orderbook", "market": "SUSHIBEAR/USD", "type": "partial", "data": {"time": 1618677882.047766, "checksum": 19331518, "bids": [[1.201e-05, 91430000.0], [1.194e-05, 99990000.0], [1.19e-05, 25500000.0], [1.185e-05, 230020000.0], [1.18e-05, 8530000.0], [1.178e-05, 99990000.0], [1.175e-05, 8460000.0], [1.173e-05, 99990000.0], [1.17e-05, 10780000.0], [1.169e-05, 99990000.0], [1.168e-05, 99990000.0], [1.165e-05, 8660000.0], [1.164e-05, 99990000.0], [1.163e-05, 99990000.0], [1.16e-05, 99990000.0], [1.157e-05, 99990000.0], [1.146e-05, 99990000.0], [1.144e-05, 99990000.0], [1.063e-05, 99990000.0], [1.023e-05, 99990000.0], [9.47e-06, 99990000.0], [9.41e-06, 99990000.0], [9.3e-06, 99990000.0], [7.86e-06, 200000.0], [7.01e-06, 140000.0], [7e-06, 970000.0], [6.5e-06, 2500000.0], [6e-06, 16660000.0], [5.55e-06, 200000.0], [5.14e-06, 1130000.0], [5.11e-06, 390000.0], [5e-06, 1600000.0], [4.9e-06, 30000.0], [4.86e-06, 2060000.0], [4.2e-06, 200000.0], [3.3e-06, 3030000.0], [3e-06, 710000.0], [2.9e-06, 55000.0], [2.45e-06, 150000.0], [2e-06, 10000000.0], [1.58e-06, 25520000.0], [1.44e-06, 13880000.0], [1.17e-06, 4270000.0], [1.11e-06, 200000.0], [1e-06, 143700000.0], [8e-07, 12500000.0], [6e-07, 16660000.0], [5.5e-07, 10000000.0], [5e-07, 33710000.0], [4.4e-07, 22720000.0], [3e-07, 3330000.0], [2e-07, 100000000.0], [1e-07, 100000000.0], [9e-08, 100000.0], [8e-08, 100000.0], [7e-08, 100000.0], [6e-08, 100000.0], [5e-08, 80100000.0], [4e-08, 50100000.0], [3e-08, 100000.0], [2e-08, 50100000.0], [1e-08, 203990000.0]], "asks": [[1.22e-05, 8700000.0], [1.222e-05, 70530000.0], [1.231e-05, 99990000.0], [1.232e-05, 99990000.0], [1.235e-05, 8320000.0], [1.24e-05, 117070000.0], [1.255e-05, 16690000.0], [1.259e-05, 99990000.0], [1.265e-05, 99990000.0], [1.279e-05, 99990000.0], [1.282e-05, 99990000.0], [1.288e-05, 99990000.0], [1.301e-05, 99990000.0], [1.307e-05, 99990000.0], [1.312e-05, 99990000.0], [1.322e-05, 99990000.0], [1.329e-05, 99990000.0], [1.342e-05, 99990000.0], [1.36e-05, 99990000.0], [1.396e-05, 99990000.0], [1.597e-05, 99990000.0], [1.6e-05, 100000.0], [2.022e-05, 590000.0], [2.15e-05, 50000.0], [2.19e-05, 40000.0], [2.501e-05, 50000.0], [2.6e-05, 78910000.0], [2.878e-05, 3600000.0], [3.999e-05, 80060000.0], [4e-05, 60000.0], [4.5e-05, 40000.0], [5.2e-05, 50000.0], [5.756e-05, 1800000.0], [6e-05, 30000.0], [7.55e-05, 255000.0], [8e-05, 40000.0], [9e-05, 60000.0], [0.0001, 9948000.0], [0.0001151, 900000.0], [0.000129, 38000.0], [0.00015558, 72000.0], [0.000169, 29000.0], [0.00018, 145000.0], [0.000219, 22000.0], [0.0002302, 450000.0], [0.00027, 10000.0], [0.000299, 16000.0], [0.000399, 12000.0], [0.00044, 205000.0], [0.0004604, 220000.0], [0.000539, 9000.0], [0.000729, 6000.0], [0.0008, 25000.0], [0.0009209, 110000.0], [0.000989, 5000.0], [0.001, 10000.0], [0.001376, 100000.0], [0.0014, 120000.0], [0.001485, 4000.0], [0.00175558, 48000.0], [0.001841, 60000.0], [0.001985, 3000.0], [0.00285, 2000.0], [0.00315692, 80000.0], [0.003683, 30000.0], [0.0038, 140000.0], [0.00383, 730000.0], [0.00395, 1000.0], [0.00403, 50000.0], [0.00423, 10000.0], [0.00444, 10000.0], [0.00475558, 21000.0], [0.006, 720000.0], [0.006211, 2000.0], [0.007, 10000.0], [0.00715692, 72000.0], [0.0072, 3000.0], [0.007367, 10000.0], [0.008, 322000.0], [0.0081, 160000.0], [0.0092, 5000.0], [0.00945, 30000.0], [0.01, 12690000.0], [0.012, 270000.0], [0.01213, 1200000.0], [0.01373, 10000.0], [0.01376, 100000.0], [0.0139, 4000.0], [0.01429, 140000.0], [0.01473, 10000.0], [0.018, 10000.0], [0.02, 3132000.0], [0.02112198, 10000.0], [0.02363, 2140000.0], [0.0246, 30000.0], [0.025, 12000.0], [0.027, 220000.0], [0.02999, 350000.0], [0.03, 23000.0], [0.035, 12000.0]], "action": "partial"}}
1618677882.1341178: {"channel": "ticker", "market": "SXPBULL/USD", "type": "update", "data": {"bid": 51.675, "ask": 51.775, "bidSize": 28.768, "askSize": 1.596, "last": 51.775, "time": 1618677882.0496082}}
1618677882.134159: {"channel": "orderbook", "market": "SXPBULL/USD", "type": "update", "data": {"time": 1618677882.0496082, "checksum": 405220806, "bids": [[51.05, 268.092]], "asks": [], "action": "update"}}
1618677882.173171: {"channel": "ticker", "market": "XRP/USD", "type": "update", "data": {"bid": 1.591075, "ask": 1.593225, "bidSize": 6380.0, "askSize": 1100.0, "last": 1.59205, "time": 1618677882.094051}}
1618677882.173208: {"channel": "orderbook", "market": "XRP/USD", "type": "update", "data": {"time": 1618677882.094051, "checksum": 2077334798, "bids": [], "asks": [[1.594475, 0.0], [1.59825, 0.0], [1.624325, 6.0], [1.6256, 1.0]], "action": "update"}}
1618677882.17779: {"channel": "ticker", "market": "PAXG/USD", "type": "update", "data": {"bid": 1784.4, "ask": 1798.0, "bidSize": 0.0001, "askSize": 0.0101, "last": 1782.7, "time": 1618677882.0969095}}
1618677882.1778262: {"channel": "orderbook", "market": "PAXG/USD", "type": "update", "data": {"time": 1618677882.0969095, "checksum": 2811656200, "bids": [], "asks": [], "action": "update"}}
1618677882.204313: {"channel": "ticker", "market": "THETAHEDGE/USD", "type": "update", "data": {"bid": 24.865, "ask": 25.4225, "bidSize": 1136.87, "askSize": 183.67, "last": 25.3525, "time": 1618677882.1317623}}
1618677882.204352: {"channel": "orderbook", "market": "THETAHEDGE/USD", "type": "update", "data": {"time": 1618677882.1317623, "checksum": 586011437, "bids": [[24.89, 0.0]], "asks": [], "action": "update"}}
1618677882.223211: {"channel": "ticker", "market": "XRP/USD", "type": "update", "data": {"bid": 1.591075, "ask": 1.593225, "bidSize": 6380.0, "askSize": 1100.0, "last": 1.59205, "time": 1618677882.1450818}}
1618677882.223249: {"channel": "orderbook", "market": "XRP/USD", "type": "update", "data": {"time": 1618677882.1450818, "checksum": 2285451605, "bids": [], "asks": [[1.594225, 10693.0]], "action": "update"}}
1618677882.2699862: {"channel": "ticker", "market": "AKRO/USD", "type": "update", "data": {"bid": 0.068165, "ask": 0.068565, "bidSize": 33.0, "askSize": 38308.0, "last": 0.06852, "time": 1618677882.1864939}}
1618677882.270028: {"channel": "orderbook", "market": "AKRO/USD", "type": "update", "data": {"time": 1618677882.1864939, "checksum": 509768734, "bids": [], "asks": [], "action": "update"}}
1618677882.270059: {"channel": "ticker", "market": "THETAHEDGE/USD", "type": "update", "data": {"bid": 24.865, "ask": 25.4225, "bidSize": 1136.87, "askSize": 183.67, "last": 25.3525, "time": 1618677882.1880763}}
1618677882.270079: {"channel": "orderbook", "market": "THETAHEDGE/USD", "type": "update", "data": {"time": 1618677882.1880763, "checksum": 3997660689, "bids": [], "asks": [[25.455, 0.0]], "action": "update"}}
1618677882.273984: {"channel": "ticker", "market": "SXPBULL/USD", "type": "update", "data": {"bid": 51.675, "ask": 51.775, "bidSize": 28.768, "askSize": 1.596, "last": 51.775, "time": 1618677882.1858797}}
1618677882.274018: {"channel": "orderbook", "market": "SXPBULL/USD", "type": "update", "data": {"time": 1618677882.1858797, "checksum": 1761722564, "bids": [[51.05, 0.482]], "asks": [], "action": "update"}}
1618677882.2814562: {"channel": "ticker", "market": "XRP/USD", "type": "update", "data": {"bid": 1.591075, "ask": 1.593225, "bidSize": 6380.0, "askSize": 1100.0, "last": 1.59205, "time": 1618677882.2027733}}
1618677882.281494: {"channel": "orderbook", "market": "XRP/USD", "type": "update", "data": {"time": 1618677882.2027733, "checksum": 3642703806, "bids": [], "asks": [[1.5934, 0.0], [1.5936, 633.0]], "action": "update"}}
1618677882.301146: {"channel": "ticker", "market": "XRP/USD", "type": "update", "data": {"bid": 1.591075, "ask": 1.593225, "bidSize": 6380.0, "askSize": 1100.0, "last": 1.59205, "time": 1618677882.2214978}}
1618677882.301183: {"channel": "orderbook", "market": "XRP/USD", "type": "update", "data": {"time": 1618677882.2214978, "checksum": 2517661546, "bids": [[1.571425, 0.0], [1.5561, 4.0]], "asks": [[1.594, 6442.0], [1.599, 0.0], [1.6258, 1.0]], "action": "update"}}
1618677882.307544: {"channel": "ticker", "market": "THETAHEDGE/USD", "type": "update", "data": {"bid": 24.8675, "ask": 25.4225, "bidSize": 146.91, "askSize": 183.67, "last": 25.3525, "time": 1618677882.2352455}}
1618677882.30758: {"channel": "orderbook", "market": "THETAHEDGE/USD", "type": "update", "data": {"time": 1618677882.2352455, "checksum": 3313924624, "bids": [[24.8675, 146.91]], "asks": [], "action": "update"}}
1618677882.311498: {"channel": "ticker", "market": "ZECBULL/USD", "type": "update", "data": {"bid": 7187.5, "ask": 7295.0, "bidSize": 0.63174, "askSize": 0.60465, "last": 7152.5, "time": 1618677882.2342763}}
1618677882.3115351: {"channel": "orderbook", "market": "ZECBULL/USD", "type": "update", "data": {"time": 1618677882.2342763, "checksum": 776531947, "bids": [], "asks": [[8012.5, 15.65945]], "action": "update"}}
1618677882.322599: {"channel": "ticker", "market": "XRP/USD", "type": "update", "data": {"bid": 1.591075, "ask": 1.593225, "bidSize": 6380.0, "askSize": 1100.0, "last": 1.59205, "time": 1618677882.2479727}}
1618677882.322635: {"channel": "orderbook", "market": "XRP/USD", "type": "update", "data": {"time": 1618677882.2479727, "checksum": 135520236, "bids": [], "asks": [[1.594625, 330064.0], [1.6258, 0.0]], "action": "update"}}
1618677882.345629: {"channel": "ticker", "market": "SUSHIBEAR/USD", "type": "update", "data": {"bid": 1.201e-05, "ask": 1.22e-05, "bidSize": 91430000.0, "askSize": 8700000.0, "last": 1.25e-05, "time": 1618677882.2723181}}
1618677882.34567: {"channel": "orderbook", "market": "SUSHIBEAR/USD", "type": "update", "data": {"time": 1618677882.2723181, "checksum": 3663511381, "bids": [], "asks": [[1.224e-05, 99990000.0], [0.035, 0.0]], "action": "update"}}
1618677882.3481321: {"channel": "ticker", "market": "XRP/USD", "type": "update", "data": {"bid": 1.591075, "ask": 1.593225, "bidSize": 6380.0, "askSize": 1100.0, "last": 1.59205, "time": 1618677882.2720468}}
1618677882.3481688: {"channel": "orderbook", "market": "XRP/USD", "type": "update", "data": {"time": 1618677882.2720468, "checksum": 1182617111, "bids": [], "asks": [[1.598875, 157.0], [1.6256, 0.0]], "action": "update"}}
1618677882.352572: {"channel": "ticker", "market": "THETAHEDGE/USD", "type": "update", "data": {"bid": 24.8675, "ask": 25.4225, "bidSize": 146.91, "askSize": 183.67, "last": 25.3525, "time": 1618677882.2785926}}
1618677882.352608: {"channel": "orderbook", "market": "THETAHEDGE/USD", "type": "update", "data": {"time": 1618677882.2785926, "checksum": 3313924624, "bids": [], "asks": [], "action": "update"}}
1618677882.381524: {"channel": "ticker", "market": "ZECBULL/USD", "type": "update", "data": {"bid": 7187.5, "ask": 7295.0, "bidSize": 0.63174, "askSize": 0.60465, "last": 7152.5, "time": 1618677882.301273}}
1618677882.381563: {"channel": "orderbook", "market": "ZECBULL/USD", "type": "update", "data": {"time": 1618677882.301273, "checksum": 509401118, "bids": [], "asks": [[8375.0, 18.5281]], "action": "update"}}
1618677882.4036689: {"channel": "ticker", "market": "SXPBULL/USD", "type": "update", "data": {"bid": 51.675, "ask": 51.775, "bidSize": 28.768, "askSize": 1.596, "last": 51.775, "time": 1618677882.2900116}}
1618677882.403706: {"channel": "orderbook", "market": "SXPBULL/USD", "type": "update", "data": {"time": 1618677882.2900116, "checksum": 21307571, "bids": [[51.1, 50.001]], "asks": [], "action": "update"}}
1618677882.403741: {"channel": "ticker", "market": "XRP/USD", "type": "update", "data": {"bid": 1.591075, "ask": 1.593225, "bidSize": 6380.0, "askSize": 1100.0, "last": 1.59205, "time": 1618677882.3250499}}
1618677882.403761: {"channel": "orderbook", "market": "XRP/USD", "type": "update", "data": {"time": 1618677882.3250499, "checksum": 822754478, "bids": [], "asks": [[1.598725, 189.0], [1.624325, 0.0]], "action": "update"}}
1618677882.456815: {"channel": "ticker", "market": "SXPBULL/USD", "type": "update", "data": {"bid": 51.675, "ask": 51.775, "bidSize": 28.768, "askSize": 1.596, "last": 51.775, "time": 1618677882.3633668}}
1618677882.456852: {"channel": "orderbook", "market": "SXPBULL/USD", "type": "update", "data": {"time": 1618677882.3633668, "checksum": 2669244079, "bids": [[51.3, 0.929], [51.1, 0.441]], "asks": [], "action": "update"}}
1618677882.48079: {"channel": "ticker", "market": "XRP/USD", "type": "update", "data": {"bid": 1.591075, "ask": 1.593225, "bidSize": 6380.0, "askSize": 1100.0, "last": 1.59205, "time": 1618677882.3986998}}
1618677882.480835: {"channel": "orderbook", "market": "XRP/USD", "type": "update", "data": {"time": 1618677882.3986998, "checksum": 646395141, "bids": [[1.5898, 7186.0], [1.589625, 1453.0], [1.588475, 274360.0], [1.5561, 0.0]], "asks": [], "action": "update"}}
1618677882.480911: {"channel": "ticker", "market": "SXPBULL/USD", "type": "update", "data": {"bid": 51.675, "ask": 51.775, "bidSize": 28.768, "askSize": 1.596, "last": 51.775, "time": 1618677882.3965006}}
1618677882.480938: {"channel": "orderbook", "market": "SXPBULL/USD", "type": "update", "data": {"time": 1618677882.3965006, "checksum": 3070079899, "bids": [[50.975, 5.985]], "asks": [], "action": "update"}}
1618677882.515521: {"channel": "ticker", "market": "XRP/USD", "type": "update", "data": {"bid": 1.591075, "ask": 1.593225, "bidSize": 6380.0, "askSize": 1100.0, "last": 1.59205, "time": 1618677882.429358}}
1618677882.515594: {"channel": "orderbook", "market": "XRP/USD", "type": "update", "data": {"time": 1618677882.429358, "checksum": 2831584331, "bids": [], "asks": [[1.594225, 8183.0]], "action": "update"}}
1618677882.541823: {"channel": "ticker", "market": "SXPBULL/USD", "type": "update", "data": {"bid": 51.675, "ask": 51.775, "bidSize": 28.768, "askSize": 1.596, "last": 51.775, "time": 1618677882.4473078}}
1618677882.541877: {"channel": "orderbook", "market": "SXPBULL/USD", "type": "update", "data": {"time": 1618677882.4473078, "checksum": 2582757709, "bids": [[51.0, 11.761]], "asks": [[52.55, 5.913]], "action": "update"}}
1618677882.590174: {"channel": "ticker", "market": "XRP/USD", "type": "update", "data": {"bid": 1.591075, "ask": 1.593225, "bidSize": 6380.0, "askSize": 1100.0, "last": 1.59205, "time": 1618677882.5015495}}
1618677882.590229: {"channel": "orderbook", "market": "XRP/USD", "type": "update", "data": {"time": 1618677882.5015495, "checksum": 3916670607, "bids": [[1.591, 0.0], [1.5561, 4.0]], "asks": [[1.5996, 188.0], [1.62425, 0.0]], "action": "update"}}
1618677882.6063511: {"channel": "ticker", "market": "SUSHIBEAR/USD", "type": "update", "data": {"bid": 1.202e-05, "ask": 1.22e-05, "bidSize": 85160000.0, "askSize": 8700000.0, "last": 1.25e-05, "time": 1618677882.5269623}}
1618677882.606399: {"channel": "orderbook", "market": "SUSHIBEAR/USD", "type": "update", "data": {"time": 1618677882.5269623, "checksum": 4057438042, "bids": [[1.202e-05, 85160000.0]], "asks": [[1.222e-05, 0.0], [0.035, 12000.0]], "action": "update"}}
1618677882.620167: {"channel": "ticker", "market": "SXPBULL/USD", "type": "update", "data": {"bid": 51.675, "ask": 51.775, "bidSize": 28.768, "askSize": 1.596, "last": 51.775, "time": 1618677882.5317152}}
1618677882.6202052: {"channel": "orderbook", "market": "SXPBULL/USD", "type": "update", "data": {"time": 1618677882.5317152, "checksum": 360347527, "bids": [[50.275, 2.876]], "asks": [], "action": "update"}}
1618677882.641786: {"channel": "ticker", "market": "XRP/USD", "type": "update", "data": {"bid": 1.591075, "ask": 1.593225, "bidSize": 6380.0, "askSize": 1100.0, "last": 1.59205, "time": 1618677882.5501535}}
1618677882.641867: {"channel": "orderbook", "market": "XRP/USD", "type": "update", "data": {"time": 1618677882.5501535, "checksum": 3971391493, "bids": [[1.5815, 3090.0]], "asks": [], "action": "update"}}
1618677882.674416: {"channel": "ticker", "market": "ZECBULL/USD", "type": "update", "data": {"bid": 7187.5, "ask": 7295.0, "bidSize": 0.63174, "askSize": 0.60465, "last": 7152.5, "time": 1618677882.5766952}}
1618677882.6744928: {"channel": "orderbook", "market": "ZECBULL/USD", "type": "update", "data": {"time": 1618677882.5766952, "checksum": 974421272, "bids": [], "asks": [[9085.0, 0.0]], "action": "update"}}
1618677882.674577: {"channel": "ticker", "market": "XRP/USD", "type": "update", "data": {"bid": 1.591075, "ask": 1.593225, "bidSize": 6380.0, "askSize": 1100.0, "last": 1.59205, "time": 1618677882.5800352}}
1618677882.674618: {"channel": "orderbook", "market": "XRP/USD", "type": "update", "data": {"time": 1618677882.5800352, "checksum": 3971391493, "bids": [], "asks": [], "action": "update"}}
1618677882.677952: {"channel": "ticker", "market": "SXPBULL/USD", "type": "update", "data": {"bid": 51.675, "ask": 51.775, "bidSize": 28.768, "askSize": 1.596, "last": 51.775, "time": 1618677882.5784097}}
1618677882.6780229: {"channel": "orderbook", "market": "SXPBULL/USD", "type": "update", "data": {"time": 1618677882.5784097, "checksum": 3360370235, "bids": [[51.05, 104.377]], "asks": [], "action": "update"}}
1618677882.6805649: {"channel": "ticker", "market": "XRP/USD", "type": "update", "data": {"bid": 1.591075, "ask": 1.593225, "bidSize": 6380.0, "askSize": 1100.0, "last": 1.59205, "time": 1618677882.6016498}}
1618677882.680639: {"channel": "orderbook", "market": "XRP/USD", "type": "update", "data": {"time": 1618677882.6016498, "checksum": 2379692042, "bids": [[1.568575, 293.0], [1.5561, 0.0]], "asks": [], "action": "update"}}
1618677882.696241: {"channel": "ticker", "market": "BTC-MOVE-WK-0507", "type": "update", "data": {"bid": 4233.0, "ask": 4480.0, "bidSize": 0.0001, "askSize": 0.75, "last": 4097.0, "time": 1618677882.6209877}}
1618677882.696317: {"channel": "orderbook", "market": "BTC-MOVE-WK-0507", "type": "update", "data": {"time": 1618677882.6209877, "checksum": 901794806, "bids": [], "asks": [], "action": "update"}}
1618677882.709543: {"channel": "ticker", "market": "XRP/USD", "type": "update", "data": {"bid": 1.591075, "ask": 1.593225, "bidSize": 6380.0, "askSize": 1100.0, "last": 1.59205, "time": 1618677882.6320348}}
1618677882.7096362: {"channel": "orderbook", "market": "XRP/USD", "type": "update", "data": {"time": 1618677882.6320348, "checksum": 4162183910, "bids": [[1.5907, 2513.0], [1.556625, 0.0]], "asks": [[1.593925, 7864.0]], "action": "update"}}
1618677882.756368: {"channel": "ticker", "market": "XRP/USD", "type": "update", "data": {"bid": 1.591075, "ask": 1.593225, "bidSize": 6380.0, "askSize": 1100.0, "last": 1.59205, "time": 1618677882.6745296}}
1618677882.756474: {"channel": "orderbook", "market": "XRP/USD", "type": "update", "data": {"time": 1618677882.6745296, "checksum": 2264313969, "bids": [[1.589, 50478.0]], "asks": [[1.5953, 3668.0], [1.6239, 0.0]], "action": "update"}}
1618677882.809174: {"channel": "ticker", "market": "XRP/USD", "type": "update", "data": {"bid": 1.5911, "ask": 1.593225, "bidSize": 18.0, "askSize": 1100.0, "last": 1.59205, "time": 1618677882.7292278}}
1618677882.80927: {"channel": "orderbook", "market": "XRP/USD", "type": "update", "data": {"time": 1618677882.7292278, "checksum": 4065776854, "bids": [[1.5911, 18.0], [1.5571, 0.0]], "asks": [], "action": "update"}}
1618677882.8546891: {"channel": "ticker", "market": "ZECBULL/USD", "type": "update", "data": {"bid": 7187.5, "ask": 7295.0, "bidSize": 0.63174, "askSize": 0.60465, "last": 7152.5, "time": 1618677882.775178}}
1618677882.854733: {"channel": "orderbook", "market": "ZECBULL/USD", "type": "update", "data": {"time": 1618677882.775178, "checksum": 3257661835, "bids": [], "asks": [[9192.5, 0.0]], "action": "update"}}
1618677882.88511: {"channel": "ticker", "market": "XRP/USD", "type": "update", "data": {"bid": 1.5911, "ask": 1.593225, "bidSize": 18.0, "askSize": 1100.0, "last": 1.59205, "time": 1618677882.804111}}
1618677882.885149: {"channel": "orderbook", "market": "XRP/USD", "type": "update", "data": {"time": 1618677882.804111, "checksum": 2315085032, "bids": [[1.589, 4690.0]], "asks": [], "action": "update"}}
1618677882.906385: {"channel": "ticker", "market": "NVDA-0625", "type": "update", "data": {"bid": 638.05, "ask": 643.45, "bidSize": 0.03, "askSize": 59.4625, "last": 644.15, "time": 1618677882.830128}}
1618677882.906423: {"channel": "orderbook", "market": "NVDA-0625", "type": "update", "data": {"time": 1618677882.830128, "checksum": 3644189371, "bids": [], "asks": [], "action": "update"}}
1618677882.9903622: {"channel": "ticker", "market": "SXPBULL/USD", "type": "update", "data": {"bid": 51.675, "ask": 51.775, "bidSize": 28.768, "askSize": 1.596, "last": 51.775, "time": 1618677882.9049728}}
1618677882.990417: {"channel": "orderbook", "market": "SXPBULL/USD", "type": "update", "data": {"time": 1618677882.9049728, "checksum": 1288041767, "bids": [[50.525, 317.939]], "asks": [[52.35, 41.97]], "action": "update"}}
1618677883.0094862: {"channel": "ticker", "market": "XRP/USD", "type": "update", "data": {"bid": 1.5911, "ask": 1.593225, "bidSize": 18.0, "askSize": 1100.0, "last": 1.59205, "time": 1618677882.9327385}}
1618677883.009525: {"channel": "orderbook", "market": "XRP/USD", "type": "update", "data": {"time": 1618677882.9327385, "checksum": 1251357234, "bids": [[1.591075, 5280.0], [1.590525, 0.0], [1.5571, 10.0]], "asks": [[1.5936, 0.0], [1.6239, 1.0]], "action": "update"}}
1618677883.082217: {"channel": "ticker", "market": "XRP/USD", "type": "update", "data": {"bid": 1.5911, "ask": 1.5932, "bidSize": 18.0, "askSize": 633.0, "last": 1.59205, "time": 1618677882.9585357}}
1618677883.082253: {"channel": "orderbook", "market": "XRP/USD", "type": "update", "data": {"time": 1618677882.9585357, "checksum": 1001065565, "bids": [], "asks": [[1.5932, 633.0], [1.5941, 1398.0], [1.6235, 0.0], [1.6239, 0.0]], "action": "update"}}
1618677883.082313: {"channel": "ticker", "market": "SXPBULL/USD", "type": "update", "data": {"bid": 51.675, "ask": 51.775, "bidSize": 28.768, "askSize": 1.596, "last": 51.775, "time": 1618677882.9547622}}
1618677883.082328: {"channel": "orderbook", "market": "SXPBULL/USD", "type": "update", "data": {"time": 1618677882.9547622, "checksum": 3123057833, "bids": [[51.05, 0.482]], "asks": [], "action": "update"}}
1618677883.082346: {"channel": "ticker", "market": "XRP/USD", "type": "update", "data": {"bid": 1.5911, "ask": 1.5932, "bidSize": 18.0, "askSize": 633.0, "last": 1.59205, "time": 1618677882.9768279}}
1618677883.0823581: {"channel": "orderbook", "market": "XRP/USD", "type": "update", "data": {"time": 1618677882.9768279, "checksum": 1214954177, "bids": [[1.590075, 633.0]], "asks": [], "action": "update"}}
1618677883.08927: {"channel": "ticker", "market": "XRP/USD", "type": "update", "data": {"bid": 1.5911, "ask": 1.5932, "bidSize": 18.0, "askSize": 633.0, "last": 1.59205, "time": 1618677883.001665}}
1618677883.089298: {"channel": "orderbook", "market": "XRP/USD", "type": "update", "data": {"time": 1618677883.001665, "checksum": 3902456802, "bids": [], "asks": [[1.593225, 0.0], [1.593675, 1356.0], [1.594225, 302841.0]], "action": "update"}}
1618677883.0944588: {"channel": "ticker", "market": "AMD/USD", "type": "update", "data": {"bid": 81.94, "ask": 82.37, "bidSize": 0.08, "askSize": 472.66, "last": 82.45, "time": 1618677883.002635}}
1618677883.094485: {"channel": "orderbook", "market": "AMD/USD", "type": "update", "data": {"time": 1618677883.002635, "checksum": 1935389369, "bids": [], "asks": [], "action": "update"}}
1618677883.129892: {"channel": "ticker", "market": "XRP/USD", "type": "update", "data": {"bid": 1.5911, "ask": 1.593025, "bidSize": 18.0, "askSize": 1100.0, "last": 1.59205, "time": 1618677883.0525205}}
1618677883.1299179: {"channel": "orderbook", "market": "XRP/USD", "type": "update", "data": {"time": 1618677883.0525205, "checksum": 2289512101, "bids": [], "asks": [[1.593025, 1100.0], [1.594425, 3470.0], [1.623175, 0.0], [1.62335, 0.0]], "action": "update"}}
1618677883.141814: {"channel": "ticker", "market": "ZECBULL/USD", "type": "update", "data": {"bid": 7187.5, "ask": 7295.0, "bidSize": 0.63174, "askSize": 0.60465, "last": 7152.5, "time": 1618677883.065263}}
1618677883.141842: {"channel": "orderbook", "market": "ZECBULL/USD", "type": "update", "data": {"time": 1618677883.065263, "checksum": 3257661835, "bids": [], "asks": [], "action": "update"}}
1618677883.151741: {"channel": "ticker", "market": "XRP/USD", "type": "update", "data": {"bid": 1.5911, "ask": 1.59205, "bidSize": 18.0, "askSize": 5.0, "last": 1.59205, "time": 1618677883.0754118}}
1618677883.151764: {"channel": "orderbook", "market": "XRP/USD", "type": "update", "data": {"time": 1618677883.0754118, "checksum": 4016946793, "bids": [], "asks": [[1.59205, 5.0], [1.623, 0.0]], "action": "update"}}
1618677883.185332: {"channel": "ticker", "market": "XRP/USD", "type": "update", "data": {"bid": 1.5911, "ask": 1.59205, "bidSize": 18.0, "askSize": 5.0, "last": 1.59205, "time": 1618677883.1056783}}
1618677883.185364: {"channel": "orderbook", "market": "XRP/USD", "type": "update", "data": {"time": 1618677883.1056783, "checksum": 2489540817, "bids": [[1.591075, 0.0], [1.5907, 0.0], [1.556625, 1.0], [1.5561, 4.0]], "asks": [[1.593025, 0.0], [1.593925, 5353.0], [1.5996, 0.0], [1.623, 8078.0], [1.623175, 2.0]], "action": "update"}}
1618677883.2144809: {"channel": "ticker", "market": "XRP/USD", "type": "update", "data": {"bid": 1.5911, "ask": 1.59205, "bidSize": 18.0, "askSize": 5.0, "last": 1.59205, "time": 1618677883.1301134}}
1618677883.214508: {"channel": "orderbook", "market": "XRP/USD", "type": "update", "data": {"time": 1618677883.1301134, "checksum": 2237802581, "bids": [], "asks": [[1.5932, 0.0], [1.595075, 0.0], [1.5953, 0.0], [1.62335, 8051.0], [1.6235, 4.0], [1.6239, 1.0]], "action": "update"}}
1618677883.2216792: {"channel": "ticker", "market": "PAXG/USD", "type": "update", "data": {"bid": 1784.4, "ask": 1798.0, "bidSize": 0.0001, "askSize": 0.0101, "last": 1782.7, "time": 1618677883.1417708}}
1618677883.221709: {"channel": "orderbook", "market": "PAXG/USD", "type": "update", "data": {"time": 1618677883.1417708, "checksum": 2811656200, "bids": [], "asks": [], "action": "update"}}
1618677883.239159: {"channel": "ticker", "market": "XRP/USD", "type": "update", "data": {"bid": 1.5911, "ask": 1.59195, "bidSize": 18.0, "askSize": 1100.0, "last": 1.59205, "time": 1618677883.1565125}}
1618677883.239264: {"channel": "orderbook", "market": "XRP/USD", "type": "update", "data": {"time": 1618677883.1565125, "checksum": 3707374415, "bids": [[1.5865, 1487.0], [1.5561, 0.0]], "asks": [[1.59195, 1100.0], [1.593, 633.0], [1.593275, 3880.0], [1.62335, 0.0], [1.6235, 0.0], [1.6239, 0.0]], "action": "update"}}
1618677883.2520761: {"channel": "ticker", "market": "SXPBULL/USD", "type": "update", "data": {"bid": 51.675, "ask": 51.775, "bidSize": 28.768, "askSize": 1.596, "last": 51.775, "time": 1618677883.1712015}}
1618677883.25213: {"channel": "orderbook", "market": "SXPBULL/USD", "type": "update", "data": {"time": 1618677883.1712015, "checksum": 3919961616, "bids": [[51.05, 268.092]], "asks": [], "action": "update"}}
1618677883.282064: {"channel": "ticker", "market": "XRP/USD", "type": "update", "data": {"bid": 1.5911, "ask": 1.59195, "bidSize": 18.0, "askSize": 1100.0, "last": 1.59205, "time": 1618677883.204314}}
1618677883.282112: {"channel": "orderbook", "market": "XRP/USD", "type": "update", "data": {"time": 1618677883.204314, "checksum": 3844310038, "bids": [[1.5815, 1563.0]], "asks": [], "action": "update"}}
1618677883.304605: {"channel": "ticker", "market": "XRP/USD", "type": "update", "data": {"bid": 1.5911, "ask": 1.59195, "bidSize": 18.0, "askSize": 1100.0, "last": 1.59205, "time": 1618677883.2243228}}
1618677883.304699: {"channel": "orderbook", "market": "XRP/USD", "type": "update", "data": {"time": 1618677883.2243228, "checksum": 2732425750, "bids": [[1.5815, 0.0], [1.5561, 4.0]], "asks": [[1.593, 0.0], [1.599, 1536.0]], "action": "update"}}
1618677883.3179011: {"channel": "ticker", "market": "AKRO/USD", "type": "update", "data": {"bid": 0.068165, "ask": 0.068565, "bidSize": 33.0, "askSize": 38308.0, "last": 0.06852, "time": 1618677883.2354248}}
1618677883.3179772: {"channel": "orderbook", "market": "AKRO/USD", "type": "update", "data": {"time": 1618677883.2354248, "checksum": 509768734, "bids": [], "asks": [], "action": "update"}}
1618677883.39127: {"channel": "ticker", "market": "XRP/USD", "type": "update", "data": {"bid": 1.5911, "ask": 1.59195, "bidSize": 18.0, "askSize": 1100.0, "last": 1.59205, "time": 1618677883.2770336}}
1618677883.391351: {"channel": "orderbook", "market": "XRP/USD", "type": "update", "data": {"time": 1618677883.2770336, "checksum": 3583677605, "bids": [[1.590225, 2514.0], [1.5561, 0.0]], "asks": [[1.5931, 2512.0], [1.594075, 3466.0], [1.623, 0.0], [1.623175, 0.0]], "action": "update"}}
1618677883.39151: {"channel": "ticker", "market": "THETAHEDGE/USD", "type": "update", "data": {"bid": 24.8675, "ask": 25.4225, "bidSize": 146.91, "askSize": 183.67, "last": 25.3525, "time": 1618677883.3034084}}
1618677883.391554: {"channel": "orderbook", "market": "THETAHEDGE/USD", "type": "update", "data": {"time": 1618677883.3034084, "checksum": 3313924624, "bids": [], "asks": [], "action": "update"}}
1618677883.42271: {"channel": "ticker", "market": "XRP/USD", "type": "update", "data": {"bid": 1.5911, "ask": 1.59195, "bidSize": 18.0, "askSize": 1100.0, "last": 1.59205, "time": 1618677883.3268588}}
1618677883.4227872: {"channel": "orderbook", "market": "XRP/USD", "type": "update", "data": {"time": 1618677883.3268588, "checksum": 2736007110, "bids": [], "asks": [[1.592575, 633.0], [1.594, 4911.0], [1.6225, 0.0]], "action": "update"}}
1618677883.4229062: {"channel": "ticker", "market": "ZECBULL/USD", "type": "update", "data": {"bid": 7195.0, "ask": 7295.0, "bidSize": 0.41445, "askSize": 0.60465, "last": 7152.5, "time": 1618677883.3319368}}
1618677883.422953: {"channel": "orderbook", "market": "ZECBULL/USD", "type": "update", "data": {"time": 1618677883.3319368, "checksum": 564942557, "bids": [[7195.0, 0.41445]], "asks": [], "action": "update"}}
1618677883.438787: {"channel": "ticker", "market": "XRP/USD", "type": "update", "data": {"bid": 1.5911, "ask": 1.59195, "bidSize": 18.0, "askSize": 1100.0, "last": 1.59205, "time": 1618677883.3496633}}
1618677883.438883: {"channel": "orderbook", "market": "XRP/USD", "type": "update", "data": {"time": 1618677883.3496633, "checksum": 1607735361, "bids": [], "asks": [[1.59875, 188.0], [1.6215, 0.0]], "action": "update"}}
1618677883.480428: {"channel": "ticker", "market": "ZECBULL/USD", "type": "update", "data": {"bid": 7195.0, "ask": 7295.0, "bidSize": 0.41445, "askSize": 0.60465, "last": 7152.5, "time": 1618677883.3947911}}
1618677883.480523: {"channel": "orderbook", "market": "ZECBULL/USD", "type": "update", "data": {"time": 1618677883.3947911, "checksum": 481539776, "bids": [[7170.0, 0.0]], "asks": [], "action": "update"}}
1618677883.480615: {"channel": "ticker", "market": "SXPBULL/USD", "type": "update", "data": {"bid": 51.675, "ask": 51.775, "bidSize": 28.768, "askSize": 1.596, "last": 51.775, "time": 1618677883.386677}}
1618677883.4806569: {"channel": "orderbook", "market": "SXPBULL/USD", "type": "update", "data": {"time": 1618677883.386677, "checksum": 3919961616, "bids": [], "asks": [], "action": "update"}}
1618677883.508023: {"channel": "ticker", "market": "XRP/USD", "type": "update", "data": {"bid": 1.5911, "ask": 1.59195, "bidSize": 18.0, "askSize": 1100.0, "last": 1.59205, "time": 1618677883.4266393}}
1618677883.5081222: {"channel": "orderbook", "market": "XRP/USD", "type": "update", "data": {"time": 1618677883.4266393, "checksum": 2842733546, "bids": [[1.58875, 328051.0], [1.556625, 0.0]], "asks": [], "action": "update"}}
1618677883.525289: {"channel": "ticker", "market": "SXPBULL/USD", "type": "update", "data": {"bid": 51.675, "ask": 51.775, "bidSize": 28.768, "askSize": 1.596, "last": 51.775, "time": 1618677883.4408371}}
1618677883.525386: {"channel": "orderbook", "market": "SXPBULL/USD", "type": "update", "data": {"time": 1618677883.4408371, "checksum": 2449277119, "bids": [], "asks": [[52.35, 2.17]], "action": "update"}}
1618677883.5258849: {"channel": "ticker", "market": "XRP/USD", "type": "update", "data": {"bid": 1.5911, "ask": 1.59195, "bidSize": 18.0, "askSize": 1100.0, "last": 1.59205, "time": 1618677883.4517355}}
1618677883.5259252: {"channel": "orderbook", "market": "XRP/USD", "type": "update", "data": {"time": 1618677883.4517355, "checksum": 3043883435, "bids": [[1.590225, 0.0], [1.556625, 1.0]], "asks": [], "action": "update"}}
1618677883.5571651: {"channel": "ticker", "market": "XRP/USD", "type": "update", "data": {"bid": 1.5911, "ask": 1.59195, "bidSize": 18.0, "askSize": 1100.0, "last": 1.59205, "time": 1618677883.4768858}}
1618677883.557237: {"channel": "orderbook", "market": "XRP/USD", "type": "update", "data": {"time": 1618677883.4768858, "checksum": 1780475815, "bids": [], "asks": [[1.5931, 0.0], [1.6215, 6.0]], "action": "update"}}
1618677883.575051: {"channel": "ticker", "market": "XRP/USD", "type": "update", "data": {"bid": 1.5911, "ask": 1.59195, "bidSize": 18.0, "askSize": 1100.0, "last": 1.59205, "time": 1618677883.499319}}
1618677883.575108: {"channel": "orderbook", "market": "XRP/USD", "type": "update", "data": {"time": 1618677883.499319, "checksum": 571098978, "bids": [], "asks": [[1.59205, 0.0], [1.6225, 1413.0]], "action": "update"}}
1618677883.5983849: {"channel": "ticker", "market": "SXPBULL/USD", "type": "update", "data": {"bid": 51.675, "ask": 51.775, "bidSize": 28.768, "askSize": 1.596, "last": 51.775, "time": 1618677883.5119326}}
1618677883.598422: {"channel": "orderbook", "market": "SXPBULL/USD", "type": "update", "data": {"time": 1618677883.5119326, "checksum": 2711914829, "bids": [[51.05, 0.482]], "asks": [], "action": "update"}}
1618677883.603894: {"channel": "ticker", "market": "XRP/USD", "type": "update", "data": {"bid": 1.5911, "ask": 1.592575, "bidSize": 18.0, "askSize": 633.0, "last": 1.59205, "time": 1618677883.5300488}}
1618677883.603937: {"channel": "orderbook", "market": "XRP/USD", "type": "update", "data": {"time": 1618677883.5300488, "checksum": 1996856142, "bids": [], "asks": [[1.59195, 0.0], [1.623, 8078.0]], "action": "update"}}
1618677883.64475: {"channel": "ticker", "market": "AKRO/USD", "type": "update", "data": {"bid": 0.068165, "ask": 0.068565, "bidSize": 33.0, "askSize": 38308.0, "last": 0.06852, "time": 1618677883.5629995}}
1618677883.6448488: {"channel": "orderbook", "market": "AKRO/USD", "type": "update", "data": {"time": 1618677883.5629995, "checksum": 2733880379, "bids": [[0.06816, 0.0], [0.059365, 38.0]], "asks": [], "action": "update"}}
1618677883.655704: {"channel": "ticker", "market": "XRP/USD", "type": "update", "data": {"bid": 1.5911, "ask": 1.5924, "bidSize": 18.0, "askSize": 1100.0, "last": 1.59205, "time": 1618677883.5751967}}
1618677883.655787: {"channel": "orderbook", "market": "XRP/USD", "type": "update", "data": {"time": 1618677883.5751967, "checksum": 3049063894, "bids": [], "asks": [[1.5924, 1100.0], [1.592575, 0.0], [1.592875, 633.0], [1.623, 0.0]], "action": "update"}}
1618677883.6756248: {"channel": "ticker", "market": "XRP/USD", "type": "update", "data": {"bid": 1.5911, "ask": 1.592875, "bidSize": 18.0, "askSize": 633.0, "last": 1.59205, "time": 1618677883.5992937}}
1618677883.67572: {"channel": "orderbook", "market": "XRP/USD", "type": "update", "data": {"time": 1618677883.5992937, "checksum": 3812317180, "bids": [], "asks": [[1.5924, 0.0], [1.623, 8078.0]], "action": "update"}}
1618677883.694112: {"channel": "ticker", "market": "ZECBULL/USD", "type": "update", "data": {"bid": 7195.0, "ask": 7295.0, "bidSize": 0.41445, "askSize": 0.60465, "last": 7152.5, "time": 1618677883.620732}}
1618677883.694205: {"channel": "orderbook", "market": "ZECBULL/USD", "type": "update", "data": {"time": 1618677883.620732, "checksum": 2405867030, "bids": [[7190.0, 1e-05], [7187.5, 0.0]], "asks": [], "action": "update"}}
1618677883.723047: {"channel": "ticker", "market": "BTC-MOVE-WK-0507", "type": "update", "data": {"bid": 4233.0, "ask": 4480.0, "bidSize": 0.0001, "askSize": 0.75, "last": 4097.0, "time": 1618677883.6456401}}
1618677883.7231119: {"channel": "orderbook", "market": "BTC-MOVE-WK-0507", "type": "update", "data": {"time": 1618677883.6456401, "checksum": 901794806, "bids": [], "asks": [], "action": "update"}}
1618677883.723147: {"channel": "ticker", "market": "SXPBULL/USD", "type": "update", "data": {"bid": 51.675, "ask": 51.775, "bidSize": 28.768, "askSize": 1.596, "last": 51.775, "time": 1618677883.628886}}
1618677883.7231731: {"channel": "orderbook", "market": "SXPBULL/USD", "type": "update", "data": {"time": 1618677883.628886, "checksum": 3849217839, "bids": [[51.1, 50.001]], "asks": [], "action": "update"}}
1618677883.73018: {"channel": "ticker", "market": "XRP/USD", "type": "update", "data": {"bid": 1.5911, "ask": 1.5927, "bidSize": 18.0, "askSize": 1100.0, "last": 1.59205, "time": 1618677883.6545393}}
1618677883.7302258: {"channel": "orderbook", "market": "XRP/USD", "type": "update", "data": {"time": 1618677883.6545393, "checksum": 610153299, "bids": [[1.590025, 2514.0], [1.556625, 0.0]], "asks": [[1.5927, 1100.0], [1.623, 0.0]], "action": "update"}}
1618677883.750559: {"channel": "ticker", "market": "XRP/USD", "type": "update", "data": {"bid": 1.5911, "ask": 1.5927, "bidSize": 18.0, "askSize": 1100.0, "last": 1.59205, "time": 1618677883.677887}}
1618677883.750607: {"channel": "orderbook", "market": "XRP/USD", "type": "update", "data": {"time": 1618677883.677887, "checksum": 1884031349, "bids": [], "asks": [[1.598875, 0.0], [1.623, 8078.0]], "action": "update"}}
1618677883.8221152: {"channel": "ticker", "market": "XRP/USD", "type": "update", "data": {"bid": 1.5911, "ask": 1.5927, "bidSize": 18.0, "askSize": 1100.0, "last": 1.59205, "time": 1618677883.7489483}}
1618677883.8222132: {"channel": "orderbook", "market": "XRP/USD", "type": "update", "data": {"time": 1618677883.7489483, "checksum": 2312213196, "bids": [], "asks": [[1.598725, 0.0], [1.623175, 2.0]], "action": "update"}}
1618677883.856928: {"channel": "ticker", "market": "XRP/USD", "type": "update", "data": {"bid": 1.5911, "ask": 1.5927, "bidSize": 18.0, "askSize": 1100.0, "last": 1.59205, "time": 1618677883.7742581}}
1618677883.8570292: {"channel": "orderbook", "market": "XRP/USD", "type": "update", "data": {"time": 1618677883.7742581, "checksum": 3897854106, "bids": [[1.588475, 0.0], [1.556625, 1.0]], "asks": [[1.594625, 0.0], [1.62335, 8051.0]], "action": "update"}}
1618677883.86677: {"channel": "ticker", "market": "SXPBULL/USD", "type": "update", "data": {"bid": 51.675, "ask": 51.775, "bidSize": 28.768, "askSize": 1.596, "last": 51.775, "time": 1618677883.7852366}}
1618677883.8668532: {"channel": "orderbook", "market": "SXPBULL/USD", "type": "update", "data": {"time": 1618677883.7852366, "checksum": 3431643675, "bids": [[50.975, 0.167]], "asks": [], "action": "update"}}
1618677883.897611: {"channel": "ticker", "market": "XRP/USD", "type": "update", "data": {"bid": 1.5911, "ask": 1.5927, "bidSize": 18.0, "askSize": 1100.0, "last": 1.59205, "time": 1618677883.8247037}}
1618677883.897693: {"channel": "orderbook", "market": "XRP/USD", "type": "update", "data": {"time": 1618677883.8247037, "checksum": 1624189184, "bids": [], "asks": [[1.5931, 2512.0], [1.62335, 0.0]], "action": "update"}}
1618677883.916825: {"channel": "ticker", "market": "SXPBULL/USD", "type": "update", "data": {"bid": 51.675, "ask": 51.775, "bidSize": 28.768, "askSize": 1.596, "last": 51.775, "time": 1618677883.835189}}
1618677883.916901: {"channel": "orderbook", "market": "SXPBULL/USD", "type": "update", "data": {"time": 1618677883.835189, "checksum": 2285917305, "bids": [[51.1, 0.441]], "asks": [], "action": "update"}}
1618677883.94045: {"channel": "ticker", "market": "SXPBULL/USD", "type": "update", "data": {"bid": 51.675, "ask": 51.775, "bidSize": 28.768, "askSize": 1.596, "last": 51.775, "time": 1618677883.859546}}
1618677883.94052: {"channel": "orderbook", "market": "SXPBULL/USD", "type": "update", "data": {"time": 1618677883.859546, "checksum": 2738990412, "bids": [], "asks": [[52.225, 1.283]], "action": "update"}}
1618677883.940591: {"channel": "ticker", "market": "NVDA-0625", "type": "update", "data": {"bid": 638.05, "ask": 643.45, "bidSize": 0.03, "askSize": 59.4625, "last": 644.15, "time": 1618677883.8669798}}
1618677883.940632: {"channel": "orderbook", "market": "NVDA-0625", "type": "update", "data": {"time": 1618677883.8669798, "checksum": 3644189371, "bids": [], "asks": [], "action": "update"}}
1618677884.024298: {"channel": "ticker", "market": "XRP/USD", "type": "update", "data": {"bid": 1.5911, "ask": 1.5927, "bidSize": 18.0, "askSize": 1100.0, "last": 1.59205, "time": 1618677883.9004073}}
1618677884.0243819: {"channel": "orderbook", "market": "XRP/USD", "type": "update", "data": {"time": 1618677883.9004073, "checksum": 3249569911, "bids": [], "asks": [[1.59795, 157.0], [1.623175, 0.0]], "action": "update"}}
1618677884.024489: {"channel": "ticker", "market": "ZECBULL/USD", "type": "update", "data": {"bid": 7195.0, "ask": 7307.5, "bidSize": 0.41445, "askSize": 2.00806, "last": 7152.5, "time": 1618677883.9224403}}
1618677884.024533: {"channel": "orderbook", "market": "ZECBULL/USD", "type": "update", "data": {"time": 1618677883.9224403, "checksum": 583721235, "bids": [], "asks": [[7295.0, 0.0]], "action": "update"}}
1618677884.0245912: {"channel": "ticker", "market": "XRP/USD", "type": "update", "data": {"bid": 1.5911, "ask": 1.5927, "bidSize": 18.0, "askSize": 1100.0, "last": 1.59205, "time": 1618677883.9291065}}
1618677884.024632: {"channel": "orderbook", "market": "XRP/USD", "type": "update", "data": {"time": 1618677883.9291065, "checksum": 3648281837, "bids": [], "asks": [[1.5931, 0.0], [1.623175, 2.0]], "action": "update"}}
1618677884.024699: {"channel": "ticker", "market": "SUSHIBEAR/USD", "type": "update", "data": {"bid": 1.206e-05, "ask": 1.22e-05, "bidSize": 40000.0, "askSize": 8700000.0, "last": 1.25e-05, "time": 1618677883.9088464}}
1618677884.0247428: {"channel": "orderbook", "market": "SUSHIBEAR/USD", "type": "update", "data": {"time": 1618677883.9088464, "checksum": 3808203141, "bids": [[1.206e-05, 40000.0], [1.201e-05, 0.0]], "asks": [], "action": "update"}}
1618677884.0491252: {"channel": "ticker", "market": "SUSHIBEAR/USD", "type": "update", "data": {"bid": 1.206e-05, "ask": 1.22e-05, "bidSize": 40000.0, "askSize": 8700000.0, "last": 1.25e-05, "time": 1618677883.9701607}}
1618677884.0491679: {"channel": "orderbook", "market": "SUSHIBEAR/USD", "type": "update", "data": {"time": 1618677883.9701607, "checksum": 494643089, "bids": [[1.17e-05, 2100000.0]], "asks": [[1.235e-05, 0.0], [0.04, 1091000.0]], "action": "update"}}
1618677884.049227: {"channel": "ticker", "market": "SXPBULL/USD", "type": "update", "data": {"bid": 51.675, "ask": 51.775, "bidSize": 0.168, "askSize": 1.596, "last": 51.775, "time": 1618677883.9656646}}
1618677884.0492501: {"channel": "orderbook", "market": "SXPBULL/USD", "type": "update", "data": {"time": 1618677883.9656646, "checksum": 4257581251, "bids": [[51.675, 0.168], [51.1, 50.001]], "asks": [], "action": "update"}}
1618677884.063054: {"channel": "ticker", "market": "XRP/USD", "type": "update", "data": {"bid": 1.5911, "ask": 1.5927, "bidSize": 18.0, "askSize": 1100.0, "last": 1.59205, "time": 1618677883.9830852}}
1618677884.063095: {"channel": "orderbook", "market": "XRP/USD", "type": "update", "data": {"time": 1618677883.9830852, "checksum": 1029440980, "bids": [], "asks": [[1.5978, 189.0], [1.623175, 0.0]], "action": "update"}}
1618677884.091776: {"channel": "ticker", "market": "SXPBULL/USD", "type": "update", "data": {"bid": 51.675, "ask": 51.775, "bidSize": 0.168, "askSize": 1.596, "last": 51.775, "time": 1618677883.9859304}}
1618677884.091816: {"channel": "orderbook", "market": "SXPBULL/USD", "type": "update", "data": {"time": 1618677883.9859304, "checksum": 3411621597, "bids": [], "asks": [[52.25, 34.632]], "action": "update"}}
1618677884.109959: {"channel": "ticker", "market": "SUSHIBEAR/USD", "type": "update", "data": {"bid": 1.206e-05, "ask": 1.22e-05, "bidSize": 40000.0, "askSize": 8700000.0, "last": 1.25e-05, "time": 1618677884.007879}}
1618677884.1100001: {"channel": "orderbook", "market": "SUSHIBEAR/USD", "type": "update", "data": {"time": 1618677884.007879, "checksum": 1834154298, "bids": [[1.165e-05, 17340000.0]], "asks": [], "action": "update"}}
1618677884.110036: {"channel": "ticker", "market": "SXPBULL/USD", "type": "update", "data": {"bid": 51.675, "ask": 51.775, "bidSize": 0.168, "askSize": 1.596, "last": 51.775, "time": 1618677884.0238996}}
1618677884.1100569: {"channel": "orderbook", "market": "SXPBULL/USD", "type": "update", "data": {"time": 1618677884.0238996, "checksum": 3260662789, "bids": [[51.1, 0.441], [51.0, 17.579]], "asks": [], "action": "update"}}
1618677884.1141639: {"channel": "ticker", "market": "AMD/USD", "type": "update", "data": {"bid": 81.94, "ask": 82.37, "bidSize": 0.08, "askSize": 472.66, "last": 82.45, "time": 1618677884.0319765}}
1618677884.114204: {"channel": "orderbook", "market": "AMD/USD", "type": "update", "data": {"time": 1618677884.0319765, "checksum": 1935389369, "bids": [], "asks": [], "action": "update"}}
1618677884.137834: {"channel": "ticker", "market": "XRP/USD", "type": "update", "data": {"bid": 1.5911, "ask": 1.5927, "bidSize": 18.0, "askSize": 1100.0, "last": 1.59205, "time": 1618677884.058622}}
1618677884.13787: {"channel": "orderbook", "market": "XRP/USD", "type": "update", "data": {"time": 1618677884.058622, "checksum": 3994372134, "bids": [], "asks": [[1.5929, 2512.0], [1.623, 0.0]], "action": "update"}}
1618677884.137921: {"channel": "ticker", "market": "SUSHIBEAR/USD", "type": "update", "data": {"bid": 1.206e-05, "ask": 1.22e-05, "bidSize": 40000.0, "askSize": 8700000.0, "last": 1.25e-05, "time": 1618677884.0626292}}
1618677884.139452: {"channel": "orderbook", "market": "SUSHIBEAR/USD", "type": "update", "data": {"time": 1618677884.0626292, "checksum": 3988427185, "bids": [], "asks": [[1.255e-05, 25010000.0]], "action": "update"}}
1618677884.156626: {"channel": "ticker", "market": "AKRO/USD", "type": "update", "data": {"bid": 0.068165, "ask": 0.068565, "bidSize": 33.0, "askSize": 38308.0, "last": 0.06852, "time": 1618677884.0794683}}
1618677884.156662: {"channel": "orderbook", "market": "AKRO/USD", "type": "update", "data": {"time": 1618677884.0794683, "checksum": 920247687, "bids": [[0.068135, 38276.0]], "asks": [], "action": "update"}}
1618677884.172148: {"channel": "ticker", "market": "ZECBULL/USD", "type": "update", "data": {"bid": 7195.0, "ask": 7307.5, "bidSize": 0.41445, "askSize": 2.00806, "last": 7152.5, "time": 1618677884.0984678}}
1618677884.1721878: {"channel": "orderbook", "market": "ZECBULL/USD", "type": "update", "data": {"time": 1618677884.0984678, "checksum": 583721235, "bids": [], "asks": [], "action": "update"}}
1618677884.172215: {"channel": "ticker", "market": "SXPBULL/USD", "type": "update", "data": {"bid": 51.675, "ask": 51.775, "bidSize": 0.168, "askSize": 1.596, "last": 51.775, "time": 1618677884.0930135}}
1618677884.172235: {"channel": "orderbook", "market": "SXPBULL/USD", "type": "update", "data": {"time": 1618677884.0930135, "checksum": 4274039001, "bids": [[51.05, 59.738]], "asks": [], "action": "update"}}
1618677884.182988: {"channel": "ticker", "market": "XRP/USD", "type": "update", "data": {"bid": 1.5911, "ask": 1.5927, "bidSize": 18.0, "askSize": 1100.0, "last": 1.59205, "time": 1618677884.105547}}
1618677884.1830242: {"channel": "orderbook", "market": "XRP/USD", "type": "update", "data": {"time": 1618677884.105547, "checksum": 698039059, "bids": [], "asks": [[1.594225, 8183.0], [1.59485, 308914.0], [1.6225, 0.0]], "action": "update"}}
1618677884.271532: {"channel": "ticker", "market": "XRP/USD", "type": "update", "data": {"bid": 1.5911, "ask": 1.5927, "bidSize": 18.0, "askSize": 1100.0, "last": 1.59205, "time": 1618677884.178078}}
1618677884.271571: {"channel": "orderbook", "market": "XRP/USD", "type": "update", "data": {"time": 1618677884.178078, "checksum": 2206139103, "bids": [[1.582, 0.0], [1.5561, 4.0]], "asks": [], "action": "update"}}
1618677884.271627: {"channel": "ticker", "market": "PAXG/USD", "type": "update", "data": {"bid": 1784.4, "ask": 1798.0, "bidSize": 0.0001, "askSize": 0.0101, "last": 1782.7, "time": 1618677884.1853852}}
1618677884.27165: {"channel": "orderbook", "market": "PAXG/USD", "type": "update", "data": {"time": 1618677884.1853852, "checksum": 2811656200, "bids": [], "asks": [], "action": "update"}}
1618677884.3037481: {"channel": "ticker", "market": "XRP/USD", "type": "update", "data": {"bid": 1.5911, "ask": 1.5927, "bidSize": 18.0, "askSize": 1100.0, "last": 1.59205, "time": 1618677884.2295816}}
1618677884.3038201: {"channel": "orderbook", "market": "XRP/USD", "type": "update", "data": {"time": 1618677884.2295816, "checksum": 3061248381, "bids": [], "asks": [[1.59875, 0.0], [1.5995, 1529.0]], "action": "update"}}
1618677884.328904: {"channel": "ticker", "market": "AKRO/USD", "type": "update", "data": {"bid": 0.068165, "ask": 0.068565, "bidSize": 33.0, "askSize": 38308.0, "last": 0.06852, "time": 1618677884.2527142}}
1618677884.3289468: {"channel": "orderbook", "market": "AKRO/USD", "type": "update", "data": {"time": 1618677884.2527142, "checksum": 920247687, "bids": [], "asks": [], "action": "update"}}
1618677884.355964: {"channel": "ticker", "market": "SXPBULL/USD", "type": "update", "data": {"bid": 51.675, "ask": 51.775, "bidSize": 0.168, "askSize": 1.596, "last": 51.775, "time": 1618677884.2754653}}
1618677884.356003: {"channel": "orderbook", "market": "SXPBULL/USD", "type": "update", "data": {"time": 1618677884.2754653, "checksum": 2949257228, "bids": [], "asks": [[52.4, 3.229]], "action": "update"}}
1618677884.386112: {"channel": "ticker", "market": "SXPBULL/USD", "type": "update", "data": {"bid": 51.675, "ask": 51.775, "bidSize": 0.168, "askSize": 1.596, "last": 51.775, "time": 1618677884.2971036}}
1618677884.38615: {"channel": "orderbook", "market": "SXPBULL/USD", "type": "update", "data": {"time": 1618677884.2971036, "checksum": 415283044, "bids": [[51.15, 2.485]], "asks": [], "action": "update"}}
1618677884.386186: {"channel": "ticker", "market": "XRP/USD", "type": "update", "data": {"bid": 1.5911, "ask": 1.5927, "bidSize": 18.0, "askSize": 1100.0, "last": 1.59205, "time": 1618677884.3034887}}
1618677884.386206: {"channel": "orderbook", "market": "XRP/USD", "type": "update", "data": {"time": 1618677884.3034887, "checksum": 2545642911, "bids": [], "asks": [[1.593025, 5.0], [1.6215, 0.0]], "action": "update"}}
1618677884.3969128: {"channel": "ticker", "market": "ZECBULL/USD", "type": "update", "data": {"bid": 7195.0, "ask": 7330.0, "bidSize": 0.41445, "askSize": 2.56957, "last": 7152.5, "time": 1618677884.3205352}}
1618677884.396949: {"channel": "orderbook", "market": "ZECBULL/USD", "type": "update", "data": {"time": 1618677884.3205352, "checksum": 2913238206, "bids": [], "asks": [[7307.5, 0.0]], "action": "update"}}
1618677884.430629: {"channel": "ticker", "market": "XRP/USD", "type": "update", "data": {"bid": 1.5911, "ask": 1.5927, "bidSize": 18.0, "askSize": 1100.0, "last": 1.59205, "time": 1618677884.353055}}
1618677884.4306712: {"channel": "orderbook", "market": "XRP/USD", "type": "update", "data": {"time": 1618677884.353055, "checksum": 3660817130, "bids": [[1.587, 1715.0], [1.5561, 0.0]], "asks": [[1.5945, 0.0], [1.6215, 6.0]], "action": "update"}}
1618677884.4307468: {"channel": "ticker", "market": "THETAHEDGE/USD", "type": "update", "data": {"bid": 24.8675, "ask": 25.4225, "bidSize": 146.91, "askSize": 183.67, "last": 25.3525, "time": 1618677884.354697}}
1618677884.43077: {"channel": "orderbook", "market": "THETAHEDGE/USD", "type": "update", "data": {"time": 1618677884.354697, "checksum": 3313924624, "bids": [], "asks": [], "action": "update"}}
1618677884.456335: {"channel": "ticker", "market": "SXPBULL/USD", "type": "update", "data": {"bid": 51.675, "ask": 51.775, "bidSize": 0.168, "askSize": 1.596, "last": 51.775, "time": 1618677884.3644054}}
1618677884.456374: {"channel": "orderbook", "market": "SXPBULL/USD", "type": "update", "data": {"time": 1618677884.3644054, "checksum": 2539670753, "bids": [[51.05, 0.482]], "asks": [], "action": "update"}}
1618677884.528995: {"channel": "ticker", "market": "SXPBULL/USD", "type": "update", "data": {"bid": 51.675, "ask": 51.775, "bidSize": 0.168, "askSize": 1.596, "last": 51.775, "time": 1618677884.3963172}}
1618677884.529035: {"channel": "orderbook", "market": "SXPBULL/USD", "type": "update", "data": {"time": 1618677884.3963172, "checksum": 2539670753, "bids": [], "asks": [], "action": "update"}}
1618677884.529061: {"channel": "ticker", "market": "SXPBULL/USD", "type": "update", "data": {"bid": 51.675, "ask": 51.775, "bidSize": 0.168, "askSize": 1.596, "last": 51.775, "time": 1618677884.4201207}}
1618677884.529081: {"channel": "orderbook", "market": "SXPBULL/USD", "type": "update", "data": {"time": 1618677884.4201207, "checksum": 4029261928, "bids": [], "asks": [[52.175, 43.509]], "action": "update"}}
1618677884.544157: {"channel": "ticker", "market": "XRP/USD", "type": "update", "data": {"bid": 1.5911, "ask": 1.5927, "bidSize": 18.0, "askSize": 1100.0, "last": 1.59205, "time": 1618677884.4589298}}
1618677884.544209: {"channel": "orderbook", "market": "XRP/USD", "type": "update", "data": {"time": 1618677884.4589298, "checksum": 4151082235, "bids": [], "asks": [[1.598525, 188.0], [1.6215, 0.0]], "action": "update"}}
1618677884.5684679: {"channel": "ticker", "market": "SXPBULL/USD", "type": "update", "data": {"bid": 51.675, "ask": 51.775, "bidSize": 0.168, "askSize": 1.596, "last": 51.775, "time": 1618677884.471787}}
1618677884.568566: {"channel": "orderbook", "market": "SXPBULL/USD", "type": "update", "data": {"time": 1618677884.471787, "checksum": 3585189949, "bids": [], "asks": [[52.5, 0.931]], "action": "update"}}
1618677884.627417: {"channel": "ticker", "market": "SUSHIBEAR/USD", "type": "update", "data": {"bid": 1.206e-05, "ask": 1.22e-05, "bidSize": 40000.0, "askSize": 8700000.0, "last": 1.25e-05, "time": 1618677884.547378}}
1618677884.627519: {"channel": "orderbook", "market": "SUSHIBEAR/USD", "type": "update", "data": {"time": 1618677884.547378, "checksum": 2423580420, "bids": [[1.165e-05, 8660000.0]], "asks": [], "action": "update"}}
1618677884.706445: {"channel": "ticker", "market": "XRP/USD", "type": "update", "data": {"bid": 1.5911, "ask": 1.5927, "bidSize": 18.0, "askSize": 1100.0, "last": 1.59205, "time": 1618677884.6278381}}
1618677884.706506: {"channel": "orderbook", "market": "XRP/USD", "type": "update", "data": {"time": 1618677884.6278381, "checksum": 4151082235, "bids": [], "asks": [], "action": "update"}}
1618677884.710465: {"channel": "ticker", "market": "SXPBULL/USD", "type": "update", "data": {"bid": 51.675, "ask": 51.775, "bidSize": 0.168, "askSize": 1.596, "last": 51.775, "time": 1618677884.620571}}
1618677884.7105029: {"channel": "orderbook", "market": "SXPBULL/USD", "type": "update", "data": {"time": 1618677884.620571, "checksum": 4131875668, "bids": [[51.05, 246.369]], "asks": [], "action": "update"}}
1618677884.722504: {"channel": "ticker", "market": "SUSHIBEAR/USD", "type": "update", "data": {"bid": 1.206e-05, "ask": 1.22e-05, "bidSize": 40000.0, "askSize": 8700000.0, "last": 1.25e-05, "time": 1618677884.6456366}}
1618677884.722548: {"channel": "orderbook", "market": "SUSHIBEAR/USD", "type": "update", "data": {"time": 1618677884.6456366, "checksum": 631320025, "bids": [[1.17e-05, 10780000.0]], "asks": [], "action": "update"}}
1618677884.725645: {"channel": "ticker", "market": "ZECBULL/USD", "type": "update", "data": {"bid": 7195.0, "ask": 7305.0, "bidSize": 0.41445, "askSize": 0.42677, "last": 7152.5, "time": 1618677884.6487606}}
1618677884.7256792: {"channel": "orderbook", "market": "ZECBULL/USD", "type": "update", "data": {"time": 1618677884.6487606, "checksum": 2369127379, "bids": [], "asks": [[7305.0, 0.42677]], "action": "update"}}
1618677884.748097: {"channel": "ticker", "market": "BTC-MOVE-WK-0507", "type": "update", "data": {"bid": 4233.0, "ask": 4480.0, "bidSize": 0.0001, "askSize": 0.75, "last": 4097.0, "time": 1618677884.6711662}}
1618677884.748134: {"channel": "orderbook", "market": "BTC-MOVE-WK-0507", "type": "update", "data": {"time": 1618677884.6711662, "checksum": 901794806, "bids": [], "asks": [], "action": "update"}}
1618677884.764687: {"channel": "ticker", "market": "XRP/USD", "type": "update", "data": {"bid": 1.5911, "ask": 1.5927, "bidSize": 18.0, "askSize": 1100.0, "last": 1.59205, "time": 1618677884.687802}}
1618677884.764724: {"channel": "orderbook", "market": "XRP/USD", "type": "update", "data": {"time": 1618677884.687802, "checksum": 3854257233, "bids": [], "asks": [[1.593025, 0.0], [1.5957, 1685.0]], "action": "update"}}
1618677884.778145: {"channel": "ticker", "market": "SXPBULL/USD", "type": "update", "data": {"bid": 51.675, "ask": 51.775, "bidSize": 0.168, "askSize": 1.596, "last": 51.775, "time": 1618677884.6948826}}
1618677884.7781901: {"channel": "orderbook", "market": "SXPBULL/USD", "type": "update", "data": {"time": 1618677884.6948826, "checksum": 3585189949, "bids": [[51.05, 0.482]], "asks": [], "action": "update"}}
1618677884.803741: {"channel": "ticker", "market": "ZECBULL/USD", "type": "update", "data": {"bid": 7195.0, "ask": 7305.0, "bidSize": 0.41445, "askSize": 0.42677, "last": 7152.5, "time": 1618677884.7263508}}
1618677884.8037791: {"channel": "orderbook", "market": "ZECBULL/USD", "type": "update", "data": {"time": 1618677884.7263508, "checksum": 634882380, "bids": [], "asks": [[7870.0, 6.09446], [9477.5, 31.62353]], "action": "update"}}
1618677884.809027: {"channel": "ticker", "market": "XRP/USD", "type": "update", "data": {"bid": 1.5911, "ask": 1.5927, "bidSize": 18.0, "askSize": 1100.0, "last": 1.59205, "time": 1618677884.7319527}}
1618677884.809061: {"channel": "orderbook", "market": "XRP/USD", "type": "update", "data": {"time": 1618677884.7319527, "checksum": 3971758706, "bids": [[1.590025, 0.0], [1.5561, 4.0]], "asks": [[1.5929, 0.0], [1.6215, 6.0]], "action": "update"}}
1618677884.809128: {"channel": "ticker", "market": "SXPBULL/USD", "type": "update", "data": {"bid": 51.675, "ask": 51.775, "bidSize": 0.168, "askSize": 1.596, "last": 51.775, "time": 1618677884.725948}}
1618677884.809155: {"channel": "orderbook", "market": "SXPBULL/USD", "type": "update", "data": {"time": 1618677884.725948, "checksum": 3615615447, "bids": [[51.525, 0.0], [51.45, 31.0], [51.0, 17.628]], "asks": [], "action": "update"}}
1618677884.8278568: {"channel": "ticker", "market": "ZECBULL/USD", "type": "update", "data": {"bid": 7195.0, "ask": 7305.0, "bidSize": 0.41445, "askSize": 0.42677, "last": 7152.5, "time": 1618677884.7486928}}
