wss://ftexchange.com/ws/ <-> 1626993902.93149
wss://ftexchange.com/ws/ <- 1626993903.87079: {"channel":"trades","market":"CAD/USD","op":"subscribe"}
wss://ftexchange.com/ws/ <- 1626993903.870995: {"channel":"trades","market":"BNBBEAR/USDT","op":"subscribe"}
wss://ftexchange.com/ws/ <- 1626993903.871091: {"channel":"trades","market":"MKR-PERP","op":"subscribe"}
wss://ftexchange.com/ws/ <- 1626993903.87117: {"channel":"trades","market":"APHA/USD","op":"subscribe"}
wss://ftexchange.com/ws/ <- 1626993903.871244: {"channel":"trades","market":"KNCBULL/USDT","op":"subscribe"}
wss://ftexchange.com/ws/ <- 1626993903.8713138: {"channel":"trades","market":"BTC-1231","op":"subscribe"}
wss://ftexchange.com/ws/ <- 1626993903.871383: {"channel":"trades","market":"FLOW-PERP","op":"subscribe"}
wss://ftexchange.com/ws/ <- 1626993903.871448: {"channel":"trades","market":"BB-0924","op":"subscribe"}
wss://ftexchange.com/ws/ <- 1626993903.871518: {"channel":"trades","market":"PFE/USD","op":"subscribe"}
wss://ftexchange.com/ws/ <- 1626993903.871584: {"channel":"trades","market":"CHZ/USDT","op":"subscribe"}
wss://ftexchange.com/ws/ <- 1626993903.8716521: {"channel":"orderbook","market":"CAD/USD","op":"subscribe"}
wss://ftexchange.com/ws/ <- 1626993903.871726: {"channel":"orderbook","market":"BNBBEAR/USDT","op":"subscribe"}
wss://ftexchange.com/ws/ <- 1626993903.871796: {"channel":"orderbook","market":"MKR-PERP","op":"subscribe"}
wss://ftexchange.com/ws/ <- 1626993903.871861: {"channel":"orderbook","market":"APHA/USD","op":"subscribe"}
wss://ftexchange.com/ws/ <- 1626993903.8719292: {"channel":"orderbook","market":"KNCBULL/USDT","op":"subscribe"}
wss://ftexchange.com/ws/ <- 1626993903.871996: {"channel":"orderbook","market":"BTC-1231","op":"subscribe"}
wss://ftexchange.com/ws/ <- 1626993903.8720589: {"channel":"orderbook","market":"FLOW-PERP","op":"subscribe"}
wss://ftexchange.com/ws/ <- 1626993903.872121: {"channel":"orderbook","market":"BB-0924","op":"subscribe"}
wss://ftexchange.com/ws/ <- 1626993903.872184: {"channel":"orderbook","market":"PFE/USD","op":"subscribe"}
wss://ftexchange.com/ws/ <- 1626993903.872245: {"channel":"orderbook","market":"CHZ/USDT","op":"subscribe"}
wss://ftexchange.com/ws/ <- 1626993903.872312: {"channel":"ticker","market":"CAD/USD","op":"subscribe"}
wss://ftexchange.com/ws/ <- 1626993903.8723788: {"channel":"ticker","market":"BNBBEAR/USDT","op":"subscribe"}
wss://ftexchange.com/ws/ <- 1626993903.872441: {"channel":"ticker","market":"MKR-PERP","op":"subscribe"}
wss://ftexchange.com/ws/ <- 1626993903.872503: {"channel":"ticker","market":"APHA/USD","op":"subscribe"}
wss://ftexchange.com/ws/ <- 1626993903.872565: {"channel":"ticker","market":"KNCBULL/USDT","op":"subscribe"}
wss://ftexchange.com/ws/ <- 1626993903.8726258: {"channel":"ticker","market":"BTC-1231","op":"subscribe"}
wss://ftexchange.com/ws/ <- 1626993903.872688: {"channel":"ticker","market":"FLOW-PERP","op":"subscribe"}
wss://ftexchange.com/ws/ <- 1626993903.8727481: {"channel":"ticker","market":"BB-0924","op":"subscribe"}
wss://ftexchange.com/ws/ <- 1626993903.87281: {"channel":"ticker","market":"PFE/USD","op":"subscribe"}
wss://ftexchange.com/ws/ <- 1626993903.8728719: {"channel":"ticker","market":"CHZ/USDT","op":"subscribe"}
1626993904.0870311: {"type": "subscribed", "channel": "trades", "market": "CAD/USD"}
1626993904.09217: {"type": "subscribed", "channel": "trades", "market": "BNBBEAR/USDT"}
1626993904.1008158: {"type": "subscribed", "channel": "trades", "market": "MKR-PERP"}
1626993904.110261: {"type": "subscribed", "channel": "trades", "market": "APHA/USD"}
1626993904.122077: {"type": "subscribed", "channel": "trades", "market": "KNCBULL/USDT"}
1626993904.1347148: {"type": "subscribed", "channel": "trades", "market": "BTC-1231"}
1626993904.139319: {"type": "subscribed", "channel": "trades", "market": "FLOW-PERP"}
1626993904.1466959: {"type": "subscribed", "channel": "trades", "market": "BB-0924"}
1626993904.153069: {"type": "subscribed", "channel": "trades", "market": "PFE/USD"}
1626993904.1595929: {"type": "subscribed", "channel": "trades", "market": "CHZ/USDT"}
1626993904.265899: {"type": "subscribed", "channel": "orderbook", "market": "CAD/USD"}
1626993904.265932: {"type": "subscribed", "channel": "orderbook", "market": "BNBBEAR/USDT"}
1626993904.265944: {"type": "subscribed", "channel": "orderbook", "market": "MKR-PERP"}
1626993904.265953: {"type": "subscribed", "channel": "orderbook", "market": "APHA/USD"}
1626993904.265961: {"type": "subscribed", "channel": "orderbook", "market": "KNCBULL/USDT"}
1626993904.265968: {"channel": "orderbook", "market": "CAD/USD", "type": "partial", "data": {"time": 1626993904.1557314, "checksum": 706162672, "bids": [[0.7959, 83274.0], [0.7944, 146568.0], [0.7935, 138.0], [0.7934, 155176.0], [0.7924, 148616.0], [0.7914, 154491.0], [0.7904, 256214.0], [0.7894, 291120.0], [0.7893, 320009.0], [0.7891, 215.0], [0.7884, 8.0], [0.7875, 193593.0], [0.7869, 266145.0], [0.7858, 231805.0], [0.7855, 291467.0], [0.78, 5000.0], [0.7442, 80037.0], [0.7077, 75059.0], [0.7006, 88074.0], [0.6339, 148678.0], [0.6283, 166896.0], [0.6005, 143957.0], [0.4, 12.0], [0.04, 125.0], [0.001, 11000.0], [0.0002, 500000.0], [0.0001, 1110000.0]], "asks": [[0.7964, 104037.0], [0.7977, 135856.0], [0.7979, 132829.0], [0.7987, 225954.0], [0.7995, 2385.0], [0.7997, 232036.0], [0.8007, 253032.0], [0.8018, 261685.0], [0.8028, 319624.0], [0.8038, 314007.0], [0.8048, 263182.0], [0.805, 32.0], [0.8058, 284038.0], [0.8066, 963.0], [0.8068, 375322.0], [0.8453, 79261.0], [0.8716, 62412.0], [0.9207, 113713.0], [0.9603, 126690.0], [1.0, 142631.0], [1.0306, 174364.0]], "action": "partial"}}
1626993904.2663019: {"type": "subscribed", "channel": "orderbook", "market": "BTC-1231"}
1626993904.26632: {"type": "subscribed", "channel": "orderbook", "market": "FLOW-PERP"}
1626993904.266329: {"type": "subscribed", "channel": "orderbook", "market": "BB-0924"}
1626993904.266337: {"type": "subscribed", "channel": "orderbook", "market": "PFE/USD"}
1626993904.266345: {"type": "subscribed", "channel": "orderbook", "market": "CHZ/USDT"}
1626993904.266358: {"type": "subscribed", "channel": "ticker", "market": "CAD/USD"}
1626993904.266367: {"type": "subscribed", "channel": "ticker", "market": "BNBBEAR/USDT"}
1626993904.2663739: {"type": "subscribed", "channel": "ticker", "market": "MKR-PERP"}
1626993904.266382: {"type": "subscribed", "channel": "ticker", "market": "APHA/USD"}
1626993904.26639: {"type": "subscribed", "channel": "ticker", "market": "KNCBULL/USDT"}
1626993904.266397: {"type": "subscribed", "channel": "ticker", "market": "BTC-1231"}
1626993904.27333: {"channel": "ticker", "market": "BTC-1231", "type": "update", "data": {"bid": 32819.0, "ask": 32826.0, "bidSize": 0.26, "askSize": 0.0003, "last": 32820.0, "time": 1626993904.2412188}}
1626993904.2734: {"type": "subscribed", "channel": "ticker", "market": "FLOW-PERP"}
1626993904.280127: {"channel": "ticker", "market": "MKR-PERP", "type": "update", "data": {"bid": 2414.5, "ask": 2416.0, "bidSize": 0.568, "askSize": 0.389, "last": 2413.0, "time": 1626993904.2528822}}
1626993904.2801971: {"channel": "orderbook", "market": "MKR-PERP", "type": "partial", "data": {"time": 1626993904.2528822, "checksum": 1581592315, "bids": [[2414.5, 0.568], [2414.0, 0.186], [2413.5, 3.283], [2413.0, 0.185], [2412.5, 0.858], [2412.0, 0.125], [2411.5, 1.393], [2411.0, 1.748], [2410.5, 1.946], [2410.0, 3.263], [2409.5, 4.261], [2409.0, 5.427], [2408.5, 0.086], [2408.0, 1.612], [2407.5, 0.001], [2407.0, 14.363], [2406.5, 2.069], [2406.0, 3.068], [2405.5, 0.732], [2405.0, 2.0], [2404.5, 0.455], [2404.0, 60.188], [2403.5, 0.5], [2403.0, 0.041], [2401.0, 24.242], [2400.5, 0.216], [2400.0, 0.865], [2399.5, 6.426], [2399.0, 5.463], [2398.5, 0.331], [2397.0, 0.455], [2391.5, 0.013], [2391.0, 10.693], [2390.5, 1.295], [2387.0, 0.457], [2386.5, 6.042], [2385.5, 12.576], [2385.0, 6.884], [2383.5, 0.332], [2382.0, 0.572], [2379.0, 7.561], [2375.0, 8.094], [2374.5, 5.84], [2372.0, 10.815], [2366.5, 0.014], [2363.0, 0.002], [2361.0, 3.0], [2360.5, 6.101], [2360.0, 8.749], [2357.5, 0.04], [2354.0, 9.594], [2351.0, 181.32], [2349.0, 0.001], [2348.0, 6.025], [2344.5, 1.464], [2342.0, 0.013], [2336.5, 6.093], [2336.0, 3.0], [2332.0, 0.001], [2317.5, 0.013], [2316.0, 0.002], [2315.0, 0.001], [2314.0, 0.04], [2312.0, 5.962], [2311.0, 0.202], [2310.0, 0.013], [2300.5, 4.643], [2297.5, 0.001], [2292.5, 0.014], [2291.0, 0.002], [2280.5, 0.001], [2279.0, 0.317], [2270.5, 0.04], [2269.0, 0.002], [2263.5, 0.001], [2246.5, 4.643], [2246.0, 0.001], [2244.5, 57.877], [2243.0, 0.321], [2234.0, 64.536], [2229.0, 0.001], [2227.5, 0.04], [2222.5, 48.093], [2222.0, 0.002], [2212.0, 0.001], [2194.5, 0.001], [2184.0, 0.04], [2181.0, 78.034], [2177.5, 0.001], [2175.0, 0.002], [2160.5, 0.001], [2143.0, 0.001], [2141.5, 4.643], [2140.5, 0.04], [2128.0, 0.002], [2126.0, 92.2], [2109.0, 0.001], [2105.5, 0.001], [2104.5, 0.006], [2103.0, 0.5]], "asks": [[2416.0, 0.389], [2416.5, 1.912], [2417.0, 0.404], [2417.5, 0.293], [2418.0, 0.58], [2418.5, 0.278], [2419.0, 2.132], [2419.5, 4.273], [2420.0, 4.996], [2420.5, 3.197], [2421.0, 5.121], [2421.5, 0.1], [2422.0, 0.086], [2422.5, 1.061], [2423.0, 8.22], [2423.5, 7.211], [2424.0, 2.525], [2424.5, 4.735], [2425.0, 60.924], [2426.0, 2.0], [2426.5, 0.432], [2428.0, 24.015], [2429.0, 5.967], [2429.5, 0.863], [2430.0, 0.5], [2430.5, 4.478], [2431.0, 0.331], [2432.0, 6.559], [2435.0, 0.001], [2436.5, 15.145], [2439.5, 8.953], [2442.5, 8.385], [2444.0, 1.653], [2445.0, 0.039], [2445.5, 70.267], [2449.5, 0.43], [2450.0, 0.861], [2452.5, 0.001], [2457.0, 7.887], [2460.5, 0.326], [2461.0, 6.024], [2462.0, 7.642], [2466.0, 0.326], [2467.0, 6.895], [2467.5, 0.326], [2469.5, 0.001], [2470.5, 11.706], [2471.5, 5.953], [2486.5, 0.001], [2490.0, 0.04], [2491.5, 0.013], [2495.0, 0.1], [2504.0, 0.003], [2510.0, 5.961], [2513.5, 0.012], [2516.0, 0.023], [2521.0, 0.001], [2526.0, 0.001], [2533.5, 0.04], [2534.0, 5.976], [2535.0, 0.012], [2538.0, 0.001], [2551.0, 0.002], [2555.5, 0.001], [2556.5, 0.012], [2558.5, 6.156], [2562.5, 0.023], [2572.5, 0.001], [2576.5, 0.04], [2578.5, 0.012], [2589.5, 0.001], [2598.0, 0.002], [2599.0, 65.266], [2602.0, 70.056], [2607.0, 0.001], [2620.0, 0.04], [2624.0, 0.001], [2631.0, 56.008], [2632.0, 71.549], [2641.0, 0.001], [2645.0, 0.002], [2653.5, 1.0], [2658.5, 0.001], [2663.5, 0.04], [2675.5, 0.007], [2679.0, 0.023], [2692.0, 0.002], [2692.5, 0.001], [2707.0, 0.04], [2710.0, 0.001], [2713.0, 65.718], [2722.5, 0.1], [2727.0, 0.001], [2739.0, 0.002], [2744.0, 0.001], [2750.0, 0.04], [2761.5, 0.001], [2778.5, 0.001], [2786.0, 0.002], [2793.5, 0.04]], "action": "partial"}}
1626993904.280936: {"type": "subscribed", "channel": "ticker", "market": "BB-0924"}
1626993904.285578: {"type": "subscribed", "channel": "ticker", "market": "PFE/USD"}
1626993904.294346: {"type": "subscribed", "channel": "ticker", "market": "CHZ/USDT"}
1626993904.315604: {"channel": "ticker", "market": "CHZ/USDT", "type": "update", "data": {"bid": 0.228183, "ask": 0.2285, "bidSize": 50.0, "askSize": 500.0, "last": 0.22864, "time": 1626993904.2940836}}
1626993904.3379369: {"channel": "ticker", "market": "APHA/USD", "type": "update", "data": {"bid": 11.834, "ask": 11.835, "bidSize": 42.2, "askSize": 208.1, "last": 12.175, "time": 1626993904.314621}}
1626993904.338005: {"channel": "orderbook", "market": "APHA/USD", "type": "partial", "data": {"time": 1626993904.314621, "checksum": 3920446499, "bids": [[11.834, 42.2], [11.58, 83.5], [11.55, 74.9], [11.51, 87.1], [11.462, 16.5], [11.461, 95.4], [11.422, 110.4], [11.382, 146.6], [11.344, 133.6], [11.308, 131.6], [11.268, 129.9], [11.231, 183.7], [11.2, 201.6], [10.974, 168.3], [10.473, 249.5], [10.022, 322.9], [9.609, 326.9], [9.233, 414.1], [8.881, 542.3]], "asks": [[11.835, 208.1], [11.869, 113.6], [11.896, 113.7], [11.952, 142.0], [11.978, 138.7], [12.035, 172.1], [12.059, 180.1], [12.1, 174.9], [12.348, 220.9], [12.944, 290.6], [13.512, 429.0], [14.11, 498.9], [14.692, 461.4], [14.758, 68.9], [15.273, 448.5]], "action": "partial"}}
1626993904.384723: {"channel": "ticker", "market": "BTC-1231", "type": "update", "data": {"bid": 32819.0, "ask": 32834.0, "bidSize": 0.26, "askSize": 0.6445, "last": 32820.0, "time": 1626993904.3579488}}
1626993904.4097018: {"channel": "ticker", "market": "MKR-PERP", "type": "update", "data": {"bid": 2414.5, "ask": 2416.0, "bidSize": 0.568, "askSize": 0.755, "last": 2413.0, "time": 1626993904.3723018}}
1626993904.409796: {"channel": "orderbook", "market": "MKR-PERP", "type": "update", "data": {"time": 1626993904.3723018, "checksum": 640576598, "bids": [], "asks": [[2416.0, 0.755]], "action": "update"}}
1626993904.409873: {"channel": "ticker", "market": "PFE/USD", "type": "update", "data": {"bid": 41.44, "ask": 41.59, "bidSize": 442.57, "askSize": 404.18, "last": 41.32, "time": 1626993904.3792233}}
1626993904.409937: {"channel": "orderbook", "market": "PFE/USD", "type": "partial", "data": {"time": 1626993904.3792233, "checksum": 825829276, "bids": [[41.44, 442.57], [41.41, 161.46], [41.37, 206.02], [41.35, 371.73], [41.31, 476.45], [41.25, 733.59], [41.18, 492.05], [41.16, 2.3], [41.15, 622.85], [41.12, 520.07], [41.08, 559.04], [41.05, 712.54], [41.02, 802.46], [40.77, 2.0], [39.1, 700.77], [37.31, 1222.8], [35.7, 1304.48], [34.23, 1300.52], [33.0, 115.67], [32.87, 1413.37], [32.81, 2.0], [31.62, 2299.29]], "asks": [[41.59, 404.18], [41.61, 173.21], [41.64, 242.02], [41.67, 396.65], [41.71, 837.14], [41.74, 437.29], [41.78, 398.38], [41.82, 459.06], [41.86, 719.23], [41.89, 496.38], [41.93, 534.78], [41.96, 772.71], [42.5, 0.99], [43.0, 0.58], [44.01, 919.44], [44.4, 0.09], [44.96, 0.55], [46.08, 1390.13], [48.2, 1230.62], [50.28, 1675.72], [52.35, 1645.27], [54.42, 1641.72], [150.0, 0.62]], "action": "partial"}}
1626993904.4156811: {"channel": "ticker", "market": "BTC-1231", "type": "update", "data": {"bid": 32819.0, "ask": 32834.0, "bidSize": 0.01, "askSize": 0.6445, "last": 32820.0, "time": 1626993904.3900776}}
1626993904.432174: {"channel": "ticker", "market": "CHZ/USDT", "type": "update", "data": {"bid": 0.228183, "ask": 0.2285, "bidSize": 50.0, "askSize": 500.0, "last": 0.22864, "time": 1626993904.4062684}}
1626993904.432244: {"channel": "orderbook", "market": "CHZ/USDT", "type": "partial", "data": {"time": 1626993904.4062684, "checksum": 66466742, "bids": [[0.228183, 50.0], [0.227931, 3610.0], [0.227888, 3850.0], [0.227887, 500.0], [0.227872, 3860.0], [0.227859, 9160.0], [0.227844, 9150.0], [0.227832, 2500.0], [0.227815, 4550.0], [0.227809, 4260.0], [0.227805, 9150.0], [0.227762, 9100.0], [0.227725, 50.0], [0.227704, 9150.0], [0.227645, 4570.0], [0.227612, 9140.0], [0.227268, 50.0], [0.226847, 5540.0], [0.226811, 50.0], [0.226655, 1000.0], [0.226354, 50.0], [0.225896, 50.0], [0.22557, 1510.0], [0.225439, 50.0], [0.225256, 3290.0], [0.225106, 20.0], [0.22368, 20.0], [0.222917, 11700.0], [0.222377, 1000.0], [0.221546, 14770.0], [0.220059, 17410.0], [0.220048, 20.0], [0.22, 40.0], [0.2181, 1000.0], [0.21657, 15240.0], [0.216497, 18680.0], [0.216, 1150.0], [0.215, 920.0], [0.21454, 1160.0], [0.214, 680.0], [0.213422, 20410.0], [0.213, 2340.0], [0.212107, 21520.0], [0.21, 230.0], [0.208666, 20780.0], [0.208441, 23700.0], [0.205979, 22580.0], [0.205, 970.0], [0.204884, 18370.0], [0.204872, 20.0], [0.204758, 25480.0], [0.202207, 22970.0], [0.200214, 10.0], [0.2, 1020.0], [0.195, 1520.0], [0.189998, 74810.0], [0.188935, 40940.0], [0.185, 1920.0], [0.184201, 220.0], [0.183478, 270.0], [0.182, 540.0], [0.176992, 3970.0], [0.175, 1130.0], [0.174222, 88270.0], [0.17396, 92650.0], [0.171, 580.0], [0.17, 630.0], [0.168, 590.0], [0.16, 100.0], [0.1545, 320.0], [0.151185, 90.0], [0.15, 1330.0], [0.131, 1590.0], [0.13, 380.0], [0.12, 410.0], [0.071, 1400.0], [0.053, 1530.0], [1e-06, 10000000.0]], "asks": [[0.2285, 500.0], [0.228701, 3860.0], [0.22873, 2500.0], [0.228788, 960.0], [0.229097, 50.0], [0.229139, 3820.0], [0.22914, 4100.0], [0.229228, 4040.0], [0.229292, 3770.0], [0.229353, 3760.0], [0.229555, 50.0], [0.229569, 8010.0], [0.230012, 50.0], [0.230468, 170.0], [0.230469, 50.0], [0.230926, 50.0], [0.231384, 50.0], [0.231841, 50.0], [0.232298, 50.0], [0.232868, 12460.0], [0.235211, 1000.0], [0.235223, 20.0], [0.235938, 10700.0], [0.236475, 12410.0], [0.236666, 40.0], [0.238399, 15840.0], [0.239488, 1000.0], [0.240282, 20.0], [0.2418, 30.0], [0.241805, 80.0], [0.2421, 50.0], [0.243685, 14020.0], [0.243766, 1000.0], [0.244999, 40.0], [0.24517, 16130.0], [0.245306, 30.0], [0.245341, 20.0], [0.245541, 14570.0], [0.248044, 1000.0], [0.248514, 28190.0], [0.248901, 16620.0], [0.249578, 27210.0], [0.250399, 20.0], [0.251217, 30.0], [0.251635, 20340.0], [0.252322, 1000.0], [0.253333, 40.0], [0.2566, 1000.0], [0.256665, 23130.0], [0.257128, 30.0], [0.257806, 27560.0], [0.259176, 20010.0], [0.261666, 40.0], [0.263039, 30.0], [0.263676, 62140.0], [0.26895, 30.0], [0.269999, 40.0], [0.274295, 670.0], [0.274861, 30.0], [0.277374, 65820.0], [0.277827, 10.0], [0.278333, 40.0], [0.280772, 30.0], [0.284162, 370.0], [0.285717, 20.0], [0.286666, 40.0], [0.286683, 30.0], [0.28694, 1650.0], [0.289068, 67420.0], [0.292594, 30.0], [0.294999, 40.0], [0.303333, 40.0], [0.311666, 40.0], [0.319999, 40.0], [0.32, 990.0], [0.328333, 40.0], [0.336666, 40.0], [0.343821, 210.0], [0.344999, 40.0], [0.346, 120.0], [0.353333, 40.0], [0.361666, 40.0], [0.369999, 40.0], [0.38, 70.0], [0.4, 9360.0], [0.401, 370.0], [0.42, 120.0], [0.428, 10.0], [0.429377, 370.0], [0.450121, 180.0], [0.456, 2070.0], [0.47, 1330.0], [0.49, 450.0], [0.495, 3030.0], [0.5, 1570.0], [0.51, 500.0], [0.515536, 400.0], [0.52, 30.0], [0.533, 20.0], [0.5421, 270.0]], "action": "partial"}}
1626993904.471657: {"channel": "ticker", "market": "BTC-1231", "type": "update", "data": {"bid": 32814.0, "ask": 32829.0, "bidSize": 7.7963, "askSize": 0.0155, "last": 32820.0, "time": 1626993904.439675}}
1626993904.4961338: {"channel": "ticker", "market": "FLOW-PERP", "type": "update", "data": {"bid": 16.415, "ask": 16.425, "bidSize": 3.88, "askSize": 286.62, "last": 16.42, "time": 1626993904.461189}}
1626993904.513033: {"channel": "ticker", "market": "BTC-1231", "type": "update", "data": {"bid": 32814.0, "ask": 32824.0, "bidSize": 7.7963, "askSize": 0.0003, "last": 32820.0, "time": 1626993904.4736521}}
1626993904.573637: {"channel": "ticker", "market": "BTC-1231", "type": "update", "data": {"bid": 32816.0, "ask": 32824.0, "bidSize": 0.25, "askSize": 0.0003, "last": 32820.0, "time": 1626993904.5490673}}
1626993904.592769: {"channel": "ticker", "market": "BTC-1231", "type": "update", "data": {"bid": 32823.0, "ask": 32824.0, "bidSize": 0.623, "askSize": 0.0003, "last": 32820.0, "time": 1626993904.5699084}}
1626993904.618182: {"channel": "ticker", "market": "BTC-1231", "type": "update", "data": {"bid": 32815.0, "ask": 32824.0, "bidSize": 0.01, "askSize": 0.0003, "last": 32820.0, "time": 1626993904.5930948}}
1626993904.618277: {"channel": "orderbook", "market": "BTC-1231", "type": "partial", "data": {"time": 1626993904.5930948, "checksum": 1929775754, "bids": [[32815.0, 0.01], [32814.0, 7.7963], [32808.0, 0.6229], [32807.0, 0.0966], [32806.0, 0.012], [32805.0, 8.8813], [32803.0, 0.6719], [32802.0, 0.001], [32800.0, 0.5945], [32799.0, 0.0301], [32795.0, 0.0292], [32793.0, 0.025], [32791.0, 0.4913], [32787.0, 6.8704], [32785.0, 0.0153], [32782.0, 0.1054], [32780.0, 1.13], [32775.0, 1.0771], [32771.0, 0.0912], [32770.0, 0.005], [32768.0, 0.094], [32767.0, 0.594], [32757.0, 8.1878], [32751.0, 0.1], [32738.0, 0.587], [32734.0, 0.0149], [32728.0, 0.3386], [32725.0, 0.008], [32717.0, 8.4561], [32715.0, 0.0155], [32711.0, 0.6858], [32710.0, 0.604], [32707.0, 0.0002], [32706.0, 0.2293], [32705.0, 0.0099], [32697.0, 0.3719], [32696.0, 0.0002], [32695.0, 0.2353], [32687.0, 0.728], [32686.0, 0.0002], [32685.0, 0.2294], [32676.0, 0.2295], [32675.0, 0.008], [32665.0, 0.2296], [32657.0, 0.594], [32656.0, 0.2296], [32646.0, 0.0006], [32644.0, 0.3297], [32636.0, 0.477], [32634.0, 0.2297], [32626.0, 0.0002], [32611.0, 0.6151], [32609.0, 0.6858], [32606.0, 0.0005], [32591.0, 0.4881], [32585.0, 0.0002], [32581.0, 0.0002], [32575.0, 0.0007], [32571.0, 0.5992], [32565.0, 0.0001], [32555.0, 0.0006], [32548.0, 0.24], [32545.0, 0.0004], [32525.0, 0.0004], [32515.0, 0.0008], [32508.0, 0.1], [32507.0, 12.0322], [32505.0, 0.6091], [32503.0, 0.6858], [32501.0, 1.0], [32482.0, 0.4513], [32467.0, 0.5], [32464.0, 0.0002], [32454.0, 0.001], [32447.0, 0.1105], [32446.0, 0.649], [32444.0, 0.0006], [32438.0, 6.068], [32437.0, 2.0], [32424.0, 0.0002], [32414.0, 0.0004], [32412.0, 1.0], [32395.0, 0.121], [32383.0, 0.0004], [32373.0, 0.0001], [32367.0, 0.0002], [32363.0, 0.0002], [32348.0, 1.0], [32343.0, 0.0004], [32342.0, 0.1315], [32333.0, 0.0005], [32331.0, 2.458], [32328.0, 0.6172], [32318.0, 0.0002], [32303.0, 0.0015], [32300.0, 0.1], [32289.0, 0.1421], [32282.0, 0.0002], [32252.0, 0.0004], [32247.0, 0.0002]], "asks": [[32824.0, 0.0003], [32829.0, 0.0155], [32834.0, 0.6445], [32837.0, 0.0298], [32840.0, 0.0974], [32841.0, 12.189], [32844.0, 0.1056], [32847.0, 0.0153], [32848.0, 0.0004], [32849.0, 0.0914], [32850.0, 0.01], [32854.0, 0.0883], [32855.0, 0.7652], [32857.0, 0.2282], [32858.0, 0.0002], [32860.0, 0.025], [32861.0, 1.13], [32863.0, 6.118], [32865.0, 0.0001], [32866.0, 0.3373], [32868.0, 0.0002], [32875.0, 0.539], [32876.0, 0.2382], [32877.0, 0.005], [32886.0, 0.2282], [32888.0, 0.02], [32890.0, 7.5795], [32891.0, 0.006], [32895.0, 0.2282], [32896.0, 0.6151], [32897.0, 0.6858], [32900.0, 0.01], [32905.0, 0.2282], [32909.0, 0.0005], [32923.0, 0.1], [32927.0, 0.4451], [32929.0, 0.0002], [32933.0, 0.4192], [32935.0, 8.9306], [32939.0, 0.0013], [32949.0, 0.0005], [32950.0, 0.0112], [32979.0, 0.6858], [32988.0, 0.4466], [33000.0, 0.01], [33010.0, 0.0004], [33024.0, 1.544], [33030.0, 0.0002], [33040.0, 0.0004], [33043.0, 0.4371], [33050.0, 0.0106], [33058.0, 0.6858], [33059.0, 12.0322], [33060.0, 0.0016], [33061.0, 0.6195], [33090.0, 0.0002], [33100.0, 1.127], [33111.0, 0.0002], [33121.0, 0.0003], [33127.0, 6.175], [33141.0, 0.0001], [33150.0, 0.01], [33151.0, 0.0006], [33162.0, 0.7494], [33171.0, 0.0007], [33181.0, 0.0005], [33191.0, 0.0002], [33202.0, 0.0004], [33212.0, 0.0003], [33214.0, 0.45], [33224.0, 0.0002], [33232.0, 0.0002], [33242.0, 0.0001], [33250.0, 0.001], [33251.0, 0.6294], [33252.0, 0.0006], [33256.0, 0.5], [33262.0, 0.0002], [33267.0, 2.438], [33272.0, 0.0004], [33290.0, 0.6342], [33292.0, 0.0001], [33303.0, 0.0007], [33310.0, 0.24], [33313.0, 0.0006], [33318.0, 0.0002], [33327.0, 0.025], [33333.0, 0.0123], [33353.0, 0.0004], [33363.0, 0.0008], [33385.0, 0.025], [33388.0, 0.0002], [33391.0, 0.8454], [33398.0, 0.168], [33400.0, 0.095], [33413.0, 0.0001], [33414.0, 0.0002], [33424.0, 0.0005], [33434.0, 0.0004], [33438.0, 0.0002]], "action": "partial"}}
1626993904.641876: {"channel": "ticker", "market": "FLOW-PERP", "type": "update", "data": {"bid": 16.415, "ask": 16.425, "bidSize": 3.88, "askSize": 286.62, "last": 16.42, "time": 1626993904.6113424}}
1626993904.641972: {"channel": "orderbook", "market": "FLOW-PERP", "type": "partial", "data": {"time": 1626993904.6113424, "checksum": 235358000, "bids": [[16.415, 3.88], [16.41, 401.61], [16.4, 244.0], [16.395, 684.25], [16.39, 644.34], [16.385, 6.1], [16.38, 218.0], [16.37, 207.0], [16.36, 218.0], [16.35, 69.76], [16.33, 70.7], [16.325, 182.16], [16.32, 143.7], [16.275, 3420.1], [16.255, 240.53], [16.25, 265.39], [16.24, 2843.6], [16.2, 4415.97], [16.19, 338.27], [16.18, 711.8], [16.155, 0.23], [16.15, 309.59], [16.145, 1238.62], [16.135, 1104.73], [16.115, 416.33], [16.11, 0.1], [16.1, 310.55], [16.085, 0.08], [16.07, 0.04], [16.065, 457.91], [16.06, 0.2], [16.015, 334.76], [16.0, 412.6], [15.975, 4197.96], [15.965, 716.8], [15.945, 357.07], [15.91, 0.32], [15.905, 699.7], [15.885, 511.12], [15.855, 0.1], [15.85, 0.12], [15.835, 567.16], [15.83, 0.32], [15.825, 697.6], [15.755, 0.2], [15.75, 0.32], [15.74, 706.6], [15.71, 0.26], [15.705, 0.1], [15.7, 4000.0], [15.67, 0.32], [15.61, 2.88], [15.6, 17.11], [15.59, 0.32], [15.51, 0.32], [15.505, 0.1], [15.495, 208.59], [15.48, 0.1], [15.45, 0.2], [15.43, 0.32], [15.37, 463.57], [15.35, 0.32], [15.34, 100.0], [15.325, 0.3], [15.3, 250.1], [15.27, 0.32], [15.22, 262.77], [15.2, 33.89], [15.19, 0.32], [15.15, 0.2], [15.11, 6.93], [15.105, 674.14], [15.1, 0.1], [15.03, 0.32], [14.99, 6.67], [14.97, 0.33], [14.96, 0.1], [14.95, 0.32], [14.9, 250.0], [14.895, 0.1], [14.87, 0.32], [14.845, 0.4], [14.84, 20.0], [14.79, 892.23], [14.735, 953.28], [14.71, 0.32], [14.695, 0.3], [14.665, 7.58], [14.645, 0.38], [14.63, 0.32], [14.595, 25.0], [14.55, 69.04], [14.545, 0.2], [14.54, 0.2], [14.49, 0.1], [14.46, 0.32], [14.44, 0.1], [14.4, 50.0], [14.39, 0.2], [14.38, 0.32]], "asks": [[16.425, 286.62], [16.44, 69.0], [16.445, 1050.0], [16.455, 91.31], [16.465, 292.7], [16.475, 74.51], [16.48, 365.7], [16.485, 213.26], [16.5, 219.21], [16.51, 3431.4], [16.515, 0.1], [16.555, 0.08], [16.565, 600.56], [16.575, 0.02], [16.58, 2781.1], [16.605, 1427.2], [16.625, 4476.51], [16.635, 309.3], [16.65, 395.94], [16.665, 0.2], [16.68, 1558.94], [16.715, 307.12], [16.72, 25.0], [16.725, 98.41], [16.73, 1.0], [16.775, 536.57], [16.78, 456.22], [16.8, 100.0], [16.815, 4276.7], [16.84, 355.85], [16.85, 686.4], [16.86, 0.2], [16.905, 700.6], [16.915, 0.1], [16.96, 336.88], [16.965, 0.2], [16.99, 717.2], [16.995, 419.8], [17.0, 205.0], [17.04, 0.1], [17.1, 500.0], [17.115, 5.84], [17.12, 0.1], [17.125, 116.8], [17.145, 46.64], [17.2, 11835.44], [17.21, 50.0], [17.27, 0.2], [17.3, 500.0], [17.305, 2.6], [17.32, 0.1], [17.335, 219.32], [17.37, 0.96], [17.38, 80.0], [17.4, 70.0], [17.465, 2862.86], [17.48, 686.3], [17.5, 1760.0], [17.525, 0.1], [17.56, 0.1], [17.565, 9.0], [17.575, 0.2], [17.6, 2.84], [17.62, 1046.53], [17.66, 12.57], [17.7, 510.0], [17.725, 0.1], [17.77, 50.0], [17.8, 22522.0], [17.85, 142.61], [17.855, 0.3], [17.875, 0.2], [17.9, 540.2], [17.925, 0.1], [18.0, 6520.0], [18.08, 110.71], [18.1, 725.0], [18.13, 0.1], [18.18, 0.2], [18.21, 0.3], [18.3, 605.58], [18.32, 1048.73], [18.33, 0.1], [18.35, 833.88], [18.4, 1630.43], [18.405, 996.86], [18.48, 0.2], [18.5, 1200.0], [18.535, 0.1], [18.54, 10.9], [18.57, 0.3], [18.6, 100.1], [18.645, 18.33], [18.7, 500.0], [18.735, 0.1], [18.77, 2.66], [18.78, 200.0], [18.785, 0.2], [18.9, 1500.0], [18.925, 0.3]], "action": "partial"}}
1626993904.65586: {"channel": "ticker", "market": "BTC-1231", "type": "update", "data": {"bid": 32814.0, "ask": 32824.0, "bidSize": 7.7963, "askSize": 0.0003, "last": 32820.0, "time": 1626993904.6310446}}
1626993904.655926: {"channel": "orderbook", "market": "BTC-1231", "type": "update", "data": {"time": 1626993904.6310446, "checksum": 2305092153, "bids": [[32815.0, 0.0], [32242.0, 0.0004]], "asks": [], "action": "update"}}
1626993904.6655: {"channel": "ticker", "market": "CHZ/USDT", "type": "update", "data": {"bid": 0.228183, "ask": 0.2285, "bidSize": 50.0, "askSize": 500.0, "last": 0.22864, "time": 1626993904.6446614}}
1626993904.66557: {"channel": "orderbook", "market": "CHZ/USDT", "type": "update", "data": {"time": 1626993904.6446614, "checksum": 3768252139, "bids": [], "asks": [[0.23521, 3840.0], [0.5421, 0.0]], "action": "update"}}
1626993904.687295: {"channel": "ticker", "market": "FLOW-PERP", "type": "update", "data": {"bid": 16.41, "ask": 16.425, "bidSize": 401.61, "askSize": 286.62, "last": 16.42, "time": 1626993904.6651385}}
1626993904.687365: {"channel": "orderbook", "market": "FLOW-PERP", "type": "update", "data": {"time": 1626993904.6651385, "checksum": 2278874198, "bids": [[16.415, 0.0], [14.335, 0.42]], "asks": [], "action": "update"}}
1626993904.736053: {"channel": "ticker", "market": "BTC-1231", "type": "update", "data": {"bid": 32816.0, "ask": 32824.0, "bidSize": 0.25, "askSize": 0.0003, "last": 32820.0, "time": 1626993904.7070196}}
1626993904.736119: {"channel": "orderbook", "market": "BTC-1231", "type": "update", "data": {"time": 1626993904.7070196, "checksum": 3713802530, "bids": [[32816.0, 0.25], [32242.0, 0.0]], "asks": [[32896.0, 1.742]], "action": "update"}}
1626993904.751152: {"channel": "ticker", "market": "BTC-1231", "type": "update", "data": {"bid": 32816.0, "ask": 32824.0, "bidSize": 0.25, "askSize": 0.0003, "last": 32820.0, "time": 1626993904.7303536}}
1626993904.751251: {"channel": "orderbook", "market": "BTC-1231", "type": "update", "data": {"time": 1626993904.7303536, "checksum": 1625963359, "bids": [[32815.0, 0.01], [32247.0, 0.0]], "asks": [], "action": "update"}}
1626993904.758707: {"channel": "ticker", "market": "FLOW-PERP", "type": "update", "data": {"bid": 16.41, "ask": 16.425, "bidSize": 401.61, "askSize": 286.62, "last": 16.42, "time": 1626993904.7383533}}
1626993904.758804: {"channel": "orderbook", "market": "FLOW-PERP", "type": "update", "data": {"time": 1626993904.7383533, "checksum": 2396844181, "bids": [[16.355, 72.39], [14.335, 0.0]], "asks": [], "action": "update"}}
1626993904.785871: {"channel": "ticker", "market": "FLOW-PERP", "type": "update", "data": {"bid": 16.42, "ask": 16.425, "bidSize": 3.88, "askSize": 286.62, "last": 16.42, "time": 1626993904.765475}}
1626993904.785961: {"channel": "orderbook", "market": "FLOW-PERP", "type": "update", "data": {"time": 1626993904.765475, "checksum": 1880684468, "bids": [[16.42, 3.88], [14.38, 0.0]], "asks": [], "action": "update"}}
1626993904.830765: {"channel": "ticker", "market": "BTC-1231", "type": "update", "data": {"bid": 32816.0, "ask": 32824.0, "bidSize": 0.25, "askSize": 0.0003, "last": 32820.0, "time": 1626993904.8059816}}
1626993904.830837: {"channel": "orderbook", "market": "BTC-1231", "type": "update", "data": {"time": 1626993904.8059816, "checksum": 3713802530, "bids": [[32815.0, 0.0], [32247.0, 0.0002]], "asks": [], "action": "update"}}
1626993904.9444952: {"channel": "ticker", "market": "BTC-1231", "type": "update", "data": {"bid": 32817.0, "ask": 32824.0, "bidSize": 0.01, "askSize": 0.0003, "last": 32820.0, "time": 1626993904.922806}}
1626993904.944593: {"channel": "orderbook", "market": "BTC-1231", "type": "update", "data": {"time": 1626993904.922806, "checksum": 3053796506, "bids": [[32817.0, 0.01], [32247.0, 0.0]], "asks": [], "action": "update"}}
1626993904.966262: {"channel": "ticker", "market": "KNCBULL/USDT", "type": "update", "data": {"bid": 0.4536, "ask": 0.4646, "bidSize": 1051.1, "askSize": 0.1, "last": 0.4615, "time": 1626993904.9430172}}
1626993904.966329: {"channel": "orderbook", "market": "KNCBULL/USDT", "type": "partial", "data": {"time": 1626993904.9430172, "checksum": 4188723151, "bids": [[0.4536, 1051.1], [0.4517, 10143.5], [0.4455, 13358.4], [0.4451, 12504.1], [0.4437, 1673.4], [0.4231, 164.0], [0.423, 3856.3], [0.4042, 31053.6], [0.2, 300.0], [0.1, 100.0]], "asks": [[0.4646, 0.1], [0.4654, 43.4], [0.4656, 1365.7], [0.4681, 7841.8], [0.4693, 11552.2], [0.476, 9786.0], [0.4895, 4197.4], [0.5287, 34560.2], [0.661, 0.6], [0.673, 0.6], [0.67425, 56.3], [0.685, 0.6], [0.697, 0.6], [0.708, 0.6], [0.716, 73.4], [0.72, 0.6], [0.732, 0.6], [0.744, 0.6], [0.756, 0.6], [0.767, 0.6], [0.779, 144.2], [0.791, 0.6], [0.803, 0.6], [0.815, 0.6], [0.826, 0.6], [0.827, 64.2], [0.838, 0.6], [0.85, 0.6], [0.862, 0.6], [0.87375, 63.7], [0.874, 0.6], [0.885, 0.6], [0.8865, 63.3], [0.897, 0.6], [0.909, 0.6], [0.921, 0.6], [0.933, 0.6], [0.944, 0.6], [0.956, 0.6], [0.968, 0.6], [0.98, 0.6], [0.992, 0.6], [1.003, 0.6], [1.015, 0.6], [1.027, 0.6], [1.039, 0.6], [1.051, 0.6], [1.062, 0.6], [1.074, 0.6], [1.086, 0.6], [1.098, 0.6], [1.11, 0.6], [1.121, 0.6], [1.133, 0.6], [1.145, 0.6], [1.157, 0.6], [1.169, 0.6], [1.18, 0.6], [1.192, 0.6], [1.204, 0.6], [1.216, 0.6], [1.228, 0.6], [1.239, 0.6], [1.251, 0.6], [1.263, 0.6], [1.275, 0.6], [1.287, 0.6], [1.298, 0.6], [1.31, 0.6], [1.322, 0.6], [1.334, 0.6], [1.346, 0.6], [1.357, 0.6], [1.369, 0.6], [1.381, 0.6], [1.393, 0.6], [1.405, 0.6], [1.416, 0.6], [1.428, 0.6], [1.44, 0.6], [1.452, 0.6], [1.464, 0.6], [1.475, 0.6], [1.487, 0.6], [1.499, 0.6], [1.511, 0.6], [1.523, 0.6], [1.534, 0.6], [1.546, 0.6], [1.558, 0.6], [1.57, 0.6], [1.582, 0.6], [1.593, 0.6], [1.605, 0.6], [1.617, 0.6], [1.629, 0.6], [1.641, 0.6], [1.652, 0.6], [1.664, 0.6], [1.676, 0.6]], "action": "partial"}}
1626993904.982584: {"channel": "ticker", "market": "BNBBEAR/USDT", "type": "update", "data": {"bid": 1.3e-07, "ask": 1.4e-07, "bidSize": 99000000.0, "askSize": 594000000.0, "last": 1.2e-07, "time": 1626993904.9529226}}
1626993904.9826539: {"channel": "orderbook", "market": "BNBBEAR/USDT", "type": "partial", "data": {"time": 1626993904.9529226, "checksum": 884149509, "bids": [[1.3e-07, 99000000.0], [1.2e-07, 882000000.0], [1e-07, 91000000.0], [9e-08, 199000000.0], [8e-08, 118000000.0], [7e-08, 120000000.0], [6e-08, 297000000.0], [5e-08, 199000000.0], [4e-08, 97000000.0], [3e-08, 96000000.0], [1e-08, 5251000000.0]], "asks": [[1.4e-07, 594000000.0], [1.9e-07, 450000000.0], [5e-07, 198000000.0], [6e-07, 134000000.0], [6.4e-07, 41500000.0], [7e-07, 99000000.0], [8e-07, 99000000.0], [1.1e-06, 22000000.0], [1.2e-06, 33000000.0], [1.25e-06, 21000000.0], [1.48e-06, 63000000.0], [1.49e-06, 23000000.0], [1.5e-06, 636100000.0], [1.7e-06, 663200000.0], [1.8e-06, 1018900000.0], [2.44e-06, 10000000.0], [2.75e-06, 23000000.0], [3.66e-06, 10000000.0], [4e-06, 100000.0], [4.01e-06, 23000000.0], [4.15e-06, 72200000.0], [4.94e-06, 20500000.0], [7.7e-06, 23000000.0], [9.08e-06, 92800000.0], [1e-05, 99900000.0], [1.066e-05, 4000000.0], [1.13e-05, 209000000.0], [1.15e-05, 9000000.0], [1.18e-05, 20000000.0], [1.24e-05, 5000000.0], [1.3e-05, 2000000.0], [1.6e-05, 10000.0], [1.7e-05, 10000.0], [1.8e-05, 10000.0], [1.9e-05, 10000.0], [2e-05, 10000.0], [2.089e-05, 25620000.0], [5e-05, 198000000.0], [6e-05, 15000000.0], [6.3e-05, 3700000.0], [6.98e-05, 48600000.0], [6.981e-05, 30700000.0], [6.982e-05, 324400000.0], [8.779e-05, 12820000.0], [0.0001, 4000000.0], [0.000123, 19300000.0], [0.00015, 5000.0], [0.00019069, 5000000.0], [0.0003, 3700000.0], [0.0006, 9900000.0], [0.00063, 2700000.0], [0.001, 89900000.0], [0.002, 90090000.0], [0.00235, 59400000.0], [0.003, 20100000.0], [0.0043, 5000000.0], [0.00458654, 10000000.0], [0.005, 19000000.0], [0.0058, 8400000.0], [0.006, 3700000.0], [0.0068, 2021000.0], [0.009, 3200000.0], [0.00947, 7565000.0], [0.0096271, 2121100.0], [0.01, 15900000.0], [0.01062374, 10000000.0], [0.02, 86900000.0], [0.0222045, 2357400.0], [0.02234, 64390000.0], [0.03, 2700000.0], [0.0375, 61170.0], [0.04382725, 1000000.0], [0.049425, 14000000.0], [0.05, 10100000.0], [0.05432889, 15000000.0], [0.06, 10800000.0], [0.07307273, 1000000.0], [0.084783, 2699300.0], [0.08947, 6266000.0], [0.09, 100000.0], [0.1, 29603000.0], [0.1095184, 10000000.0], [0.14783, 10568200.0], [0.15610369, 5000000.0], [0.16255, 2.0], [0.1823, 100.0], [0.23079123, 1000000.0], [0.3, 2100000.0], [0.35, 77600.0], [0.41326944, 5000000.0], [0.5, 10730000.0], [0.9, 101597.0], [0.99, 10090000.0], [1.0, 8065690.0], [1.2791, 50.0], [1.29, 10000.0], [1.3, 6000000.0], [1.49, 10000.0], [1.5, 200.0], [1.6, 4120.0]], "action": "partial"}}
1626993905.022227: {"channel": "ticker", "market": "BB-0924", "type": "update", "data": {"bid": 10.3575, "ask": 10.4375, "bidSize": 3.7, "askSize": 4.7, "last": 10.38, "time": 1626993904.9873579}}
1626993905.022295: {"channel": "orderbook", "market": "BB-0924", "type": "partial", "data": {"time": 1626993904.9873579, "checksum": 3017106946, "bids": [[10.3575, 3.7], [10.345, 11.8], [10.3375, 16.4], [10.3225, 20.9], [10.3075, 20.1], [10.29, 25.0], [10.2575, 23.9], [10.2375, 25.7], [10.2175, 30.1], [10.195, 34.1], [10.175, 24.8], [10.145, 32.4], [9.715, 32.6], [9.2825, 50.0], [9.28, 87.9], [8.8525, 155.8], [8.4325, 124.1], [8.0225, 146.1], [7.6225, 175.2]], "asks": [[10.4375, 4.7], [10.455, 12.3], [10.465, 19.1], [10.48, 23.3], [10.4825, 16.5], [10.49, 13.1], [10.51, 27.2], [10.53, 25.0], [10.55, 20.8], [10.56, 22.7], [10.5825, 29.2], [10.6075, 33.3], [10.68, 24.5], [11.0525, 24.9], [11.5725, 136.9], [12.12, 127.6], [12.1825, 162.4], [12.79, 182.6], [13.8, 40.0], [14.1325, 201.6], [15.0, 0.5], [15.335, 0.5], [15.6675, 0.5], [16.0, 0.5], [18.7, 50.0], [20.0, 11.1]], "action": "partial"}}
1626993905.0225348: {"channel": "ticker", "market": "FLOW-PERP", "type": "update", "data": {"bid": 16.42, "ask": 16.425, "bidSize": 3.88, "askSize": 286.62, "last": 16.42, "time": 1626993904.9873195}}
1626993905.022562: {"channel": "orderbook", "market": "FLOW-PERP", "type": "update", "data": {"time": 1626993904.9873195, "checksum": 1124404078, "bids": [[16.145, 0.0], [14.38, 0.32]], "asks": [[16.68, 359.76]], "action": "update"}}
1626993905.03314: {"channel": "ticker", "market": "BTC-1231", "type": "update", "data": {"bid": 32817.0, "ask": 32824.0, "bidSize": 0.26, "askSize": 0.0003, "last": 32820.0, "time": 1626993905.0125692}}
1626993905.033233: {"channel": "orderbook", "market": "BTC-1231", "type": "update", "data": {"time": 1626993905.0125692, "checksum": 98596998, "bids": [[32817.0, 0.26]], "asks": [], "action": "update"}}
1626993905.0603929: {"channel": "ticker", "market": "BTC-1231", "type": "update", "data": {"bid": 32817.0, "ask": 32824.0, "bidSize": 0.26, "askSize": 0.0003, "last": 32820.0, "time": 1626993905.0359733}}
1626993905.06046: {"channel": "orderbook", "market": "BTC-1231", "type": "update", "data": {"time": 1626993905.0359733, "checksum": 1806724334, "bids": [[32816.0, 0.0], [32247.0, 0.0002]], "asks": [], "action": "update"}}
1626993905.110949: {"channel": "ticker", "market": "FLOW-PERP", "type": "update", "data": {"bid": 16.42, "ask": 16.425, "bidSize": 3.88, "askSize": 286.62, "last": 16.42, "time": 1626993905.087185}}
1626993905.1110458: {"channel": "orderbook", "market": "FLOW-PERP", "type": "update", "data": {"time": 1626993905.087185, "checksum": 2837658684, "bids": [], "asks": [[16.68, 0.0], [18.935, 0.1]], "action": "update"}}
1626993905.235811: {"channel": "ticker", "market": "CAD/USD", "type": "update", "data": {"bid": 0.7959, "ask": 0.7964, "bidSize": 83274.0, "askSize": 104037.0, "last": 0.7962, "time": 1626993905.2084248}}
1626993905.2359092: {"channel": "orderbook", "market": "CAD/USD", "type": "update", "data": {"time": 1626993905.2084248, "checksum": 706162672, "bids": [], "asks": [], "action": "update"}}
1626993905.237354: {"channel": "ticker", "market": "BTC-1231", "type": "update", "data": {"bid": 32817.0, "ask": 32824.0, "bidSize": 0.26, "askSize": 0.0003, "last": 32820.0, "time": 1626993905.2171366}}
1626993905.237452: {"channel": "orderbook", "market": "BTC-1231", "type": "update", "data": {"time": 1626993905.2171366, "checksum": 2575035588, "bids": [], "asks": [[32829.0, 0.0], [33442.0, 0.025]], "action": "update"}}
1626993905.299411: {"channel": "ticker", "market": "MKR-PERP", "type": "update", "data": {"bid": 2414.5, "ask": 2416.0, "bidSize": 0.568, "askSize": 0.755, "last": 2413.0, "time": 1626993905.2744951}}
1626993905.299478: {"channel": "orderbook", "market": "MKR-PERP", "type": "update", "data": {"time": 1626993905.2744951, "checksum": 640576598, "bids": [], "asks": [], "action": "update"}}
1626993905.360793: {"channel": "ticker", "market": "APHA/USD", "type": "update", "data": {"bid": 11.834, "ask": 11.835, "bidSize": 42.2, "askSize": 208.1, "last": 12.175, "time": 1626993905.3383255}}
1626993905.3608902: {"channel": "orderbook", "market": "APHA/USD", "type": "update", "data": {"time": 1626993905.3383255, "checksum": 3920446499, "bids": [], "asks": [], "action": "update"}}
1626993905.404033: {"channel": "ticker", "market": "BB-0924", "type": "update", "data": {"bid": 10.3725, "ask": 10.4375, "bidSize": 9.2, "askSize": 4.7, "last": 10.38, "time": 1626993905.359921}}
1626993905.404126: {"channel": "orderbook", "market": "BB-0924", "type": "update", "data": {"time": 1626993905.359921, "checksum": 3756443364, "bids": [[10.3725, 9.2]], "asks": [], "action": "update"}}
1626993905.404225: {"channel": "ticker", "market": "MKR-PERP", "type": "update", "data": {"bid": 2414.5, "ask": 2416.0, "bidSize": 0.568, "askSize": 0.389, "last": 2413.0, "time": 1626993905.3702903}}
1626993905.404253: {"channel": "orderbook", "market": "MKR-PERP", "type": "update", "data": {"time": 1626993905.3702903, "checksum": 1581592315, "bids": [], "asks": [[2416.0, 0.389]], "action": "update"}}
1626993905.437073: {"channel": "ticker", "market": "PFE/USD", "type": "update", "data": {"bid": 41.44, "ask": 41.59, "bidSize": 442.57, "askSize": 404.18, "last": 41.32, "time": 1626993905.4141052}}
1626993905.4371681: {"channel": "orderbook", "market": "PFE/USD", "type": "update", "data": {"time": 1626993905.4141052, "checksum": 825829276, "bids": [], "asks": [], "action": "update"}}
1626993905.461556: {"channel": "ticker", "market": "CHZ/USDT", "type": "update", "data": {"bid": 0.228183, "ask": 0.2285, "bidSize": 50.0, "askSize": 500.0, "last": 0.22864, "time": 1626993905.4371915}}
1626993905.4616508: {"channel": "orderbook", "market": "CHZ/USDT", "type": "update", "data": {"time": 1626993905.4371915, "checksum": 3768252139, "bids": [], "asks": [], "action": "update"}}
1626993905.476732: {"channel": "ticker", "market": "BTC-1231", "type": "update", "data": {"bid": 32817.0, "ask": 32824.0, "bidSize": 0.26, "askSize": 0.0003, "last": 32820.0, "time": 1626993905.4557447}}
1626993905.476831: {"channel": "orderbook", "market": "BTC-1231", "type": "update", "data": {"time": 1626993905.4557447, "checksum": 4193995251, "bids": [], "asks": [[32840.0, 0.3257]], "action": "update"}}
1626993905.612152: {"channel": "ticker", "market": "APHA/USD", "type": "update", "data": {"bid": 11.834, "ask": 11.835, "bidSize": 42.2, "askSize": 208.1, "last": 12.175, "time": 1626993905.5862596}}
1626993905.612247: {"channel": "orderbook", "market": "APHA/USD", "type": "update", "data": {"time": 1626993905.5862596, "checksum": 2192870037, "bids": [[11.633, 87.4]], "asks": [], "action": "update"}}
1626993905.635572: {"channel": "ticker", "market": "APHA/USD", "type": "update", "data": {"bid": 11.834, "ask": 11.835, "bidSize": 42.2, "askSize": 208.1, "last": 12.175, "time": 1626993905.6125593}}
1626993905.635668: {"channel": "orderbook", "market": "APHA/USD", "type": "update", "data": {"time": 1626993905.6125593, "checksum": 2169097776, "bids": [[11.631, 47.4]], "asks": [], "action": "update"}}
1626993905.646234: {"channel": "ticker", "market": "BTC-1231", "type": "update", "data": {"bid": 32817.0, "ask": 32824.0, "bidSize": 0.26, "askSize": 0.0003, "last": 32820.0, "time": 1626993905.624814}}
1626993905.646328: {"channel": "orderbook", "market": "BTC-1231", "type": "update", "data": {"time": 1626993905.624814, "checksum": 4193995251, "bids": [], "asks": [], "action": "update"}}
1626993905.658412: {"channel": "ticker", "market": "FLOW-PERP", "type": "update", "data": {"bid": 16.42, "ask": 16.425, "bidSize": 3.88, "askSize": 286.62, "last": 16.42, "time": 1626993905.6368768}}
1626993905.658478: {"channel": "orderbook", "market": "FLOW-PERP", "type": "update", "data": {"time": 1626993905.6368768, "checksum": 2837658684, "bids": [], "asks": [], "action": "update"}}
1626993905.71118: {"channel": "ticker", "market": "FLOW-PERP", "type": "update", "data": {"bid": 16.42, "ask": 16.425, "bidSize": 3.88, "askSize": 286.62, "last": 16.42, "time": 1626993905.691157}}
1626993905.711274: {"channel": "orderbook", "market": "FLOW-PERP", "type": "update", "data": {"time": 1626993905.691157, "checksum": 1984328050, "bids": [[16.155, 1609.44]], "asks": [], "action": "update"}}
1626993905.780737: {"channel": "ticker", "market": "BB-0924", "type": "update", "data": {"bid": 10.3575, "ask": 10.4375, "bidSize": 3.7, "askSize": 4.7, "last": 10.38, "time": 1626993905.7599683}}
1626993905.780836: {"channel": "orderbook", "market": "BB-0924", "type": "update", "data": {"time": 1626993905.7599683, "checksum": 3017106946, "bids": [[10.3725, 0.0]], "asks": [], "action": "update"}}
1626993905.7883048: {"channel": "ticker", "market": "FLOW-PERP", "type": "update", "data": {"bid": 16.42, "ask": 16.425, "bidSize": 3.88, "askSize": 286.62, "last": 16.42, "time": 1626993905.7660728}}
1626993905.788401: {"channel": "orderbook", "market": "FLOW-PERP", "type": "update", "data": {"time": 1626993905.7660728, "checksum": 3003810591, "bids": [], "asks": [[16.69, 1558.01], [18.935, 0.0]], "action": "update"}}
1626993905.813143: {"channel": "ticker", "market": "FLOW-PERP", "type": "update", "data": {"bid": 16.42, "ask": 16.425, "bidSize": 3.88, "askSize": 286.62, "last": 16.42, "time": 1626993905.7901762}}
1626993905.8132439: {"channel": "orderbook", "market": "FLOW-PERP", "type": "update", "data": {"time": 1626993905.7901762, "checksum": 2438839051, "bids": [[16.375, 30.27], [14.38, 0.0]], "asks": [], "action": "update"}}
1626993905.81899: {"channel": "ticker", "market": "BTC-1231", "type": "update", "data": {"bid": 32817.0, "ask": 32834.0, "bidSize": 0.26, "askSize": 0.6445, "last": 32820.0, "time": 1626993905.7981443}}
1626993905.819087: {"channel": "orderbook", "market": "BTC-1231", "type": "update", "data": {"time": 1626993905.7981443, "checksum": 2280546563, "bids": [], "asks": [[32824.0, 0.0], [33447.0, 0.168]], "action": "update"}}
1626993905.850406: {"channel": "ticker", "market": "BTC-1231", "type": "update", "data": {"bid": 32817.0, "ask": 32834.0, "bidSize": 0.01, "askSize": 0.6445, "last": 32820.0, "time": 1626993905.8261878}}
1626993905.8505: {"channel": "orderbook", "market": "BTC-1231", "type": "update", "data": {"time": 1626993905.8261878, "checksum": 873145631, "bids": [[32817.0, 0.01]], "asks": [], "action": "update"}}
1626993905.878026: {"channel": "ticker", "market": "MKR-PERP", "type": "update", "data": {"bid": 2414.5, "ask": 2416.0, "bidSize": 0.568, "askSize": 0.389, "last": 2413.0, "time": 1626993905.8519828}}
1626993905.87812: {"channel": "orderbook", "market": "MKR-PERP", "type": "update", "data": {"time": 1626993905.8519828, "checksum": 3519146848, "bids": [], "asks": [[2417.0, 0.0], [2445.5, 12.267], [2795.5, 0.024]], "action": "update"}}
1626993905.922719: {"channel": "ticker", "market": "BTC-1231", "type": "update", "data": {"bid": 32814.0, "ask": 32826.0, "bidSize": 7.7963, "askSize": 0.0003, "last": 32820.0, "time": 1626993905.8998063}}
1626993905.922816: {"channel": "orderbook", "market": "BTC-1231", "type": "update", "data": {"time": 1626993905.8998063, "checksum": 1401974672, "bids": [[32817.0, 0.0], [32242.0, 0.0004]], "asks": [[32826.0, 0.0003], [33447.0, 0.0]], "action": "update"}}
1626993905.9558342: {"channel": "ticker", "market": "APHA/USD", "type": "update", "data": {"bid": 11.834, "ask": 11.835, "bidSize": 42.2, "askSize": 208.1, "last": 12.175, "time": 1626993905.9333522}}
1626993905.955947: {"channel": "orderbook", "market": "APHA/USD", "type": "update", "data": {"time": 1626993905.9333522, "checksum": 2172402314, "bids": [[11.633, 0.0]], "asks": [], "action": "update"}}
1626993905.969482: {"channel": "ticker", "market": "MKR-PERP", "type": "update", "data": {"bid": 2414.5, "ask": 2416.0, "bidSize": 0.568, "askSize": 0.389, "last": 2413.0, "time": 1626993905.942008}}
1626993905.969575: {"channel": "orderbook", "market": "MKR-PERP", "type": "update", "data": {"time": 1626993905.942008, "checksum": 1912494857, "bids": [], "asks": [[2417.5, 0.868]], "action": "update"}}
1626993905.985634: {"channel": "ticker", "market": "KNCBULL/USDT", "type": "update", "data": {"bid": 0.4536, "ask": 0.4646, "bidSize": 1051.1, "askSize": 0.1, "last": 0.4615, "time": 1626993905.9646504}}
1626993905.98573: {"channel": "orderbook", "market": "KNCBULL/USDT", "type": "update", "data": {"time": 1626993905.9646504, "checksum": 4188723151, "bids": [], "asks": [], "action": "update"}}
1626993905.99533: {"channel": "ticker", "market": "BNBBEAR/USDT", "type": "update", "data": {"bid": 1.3e-07, "ask": 1.4e-07, "bidSize": 99000000.0, "askSize": 594000000.0, "last": 1.2e-07, "time": 1626993905.9744365}}
1626993905.995425: {"channel": "orderbook", "market": "BNBBEAR/USDT", "type": "update", "data": {"time": 1626993905.9744365, "checksum": 884149509, "bids": [], "asks": [], "action": "update"}}
1626993906.003276: {"channel": "ticker", "market": "BTC-1231", "type": "update", "data": {"bid": 32817.0, "ask": 32826.0, "bidSize": 0.25, "askSize": 0.0003, "last": 32820.0, "time": 1626993905.9799724}}
1626993906.003357: {"channel": "orderbook", "market": "BTC-1231", "type": "update", "data": {"time": 1626993905.9799724, "checksum": 1500601693, "bids": [[32817.0, 0.25], [32242.0, 0.0]], "asks": [], "action": "update"}}
1626993906.022796: {"channel": "ticker", "market": "MKR-PERP", "type": "update", "data": {"bid": 2414.5, "ask": 2416.0, "bidSize": 0.568, "askSize": 0.389, "last": 2413.0, "time": 1626993905.9894352}}
1626993906.022893: {"channel": "orderbook", "market": "MKR-PERP", "type": "update", "data": {"time": 1626993905.9894352, "checksum": 3782059678, "bids": [], "asks": [[2445.0, 58.039]], "action": "update"}}
1626993906.043709: {"channel": "ticker", "market": "BB-0924", "type": "update", "data": {"bid": 10.3575, "ask": 10.4375, "bidSize": 3.7, "askSize": 4.7, "last": 10.38, "time": 1626993906.0224056}}
1626993906.0438058: {"channel": "orderbook", "market": "BB-0924", "type": "update", "data": {"time": 1626993906.0224056, "checksum": 3017106946, "bids": [], "asks": [], "action": "update"}}
1626993906.064239: {"channel": "ticker", "market": "BTC-1231", "type": "update", "data": {"bid": 32817.0, "ask": 32826.0, "bidSize": 0.25, "askSize": 0.0003, "last": 32820.0, "time": 1626993906.0405107}}
1626993906.064335: {"channel": "orderbook", "market": "BTC-1231", "type": "update", "data": {"time": 1626993906.0405107, "checksum": 2810731138, "bids": [[32815.0, 0.01], [32247.0, 0.0]], "asks": [], "action": "update"}}
1626993906.131445: {"channel": "ticker", "market": "BTC-1231", "type": "update", "data": {"bid": 32818.0, "ask": 32826.0, "bidSize": 0.25, "askSize": 0.0003, "last": 32820.0, "time": 1626993906.100179}}
1626993906.131541: {"channel": "orderbook", "market": "BTC-1231", "type": "update", "data": {"time": 1626993906.100179, "checksum": 306326140, "bids": [[32818.0, 0.25], [32815.0, 0.0]], "asks": [], "action": "update"}}
1626993906.1805341: {"channel": "ticker", "market": "BTC-1231", "type": "update", "data": {"bid": 32818.0, "ask": 32826.0, "bidSize": 0.25, "askSize": 0.0003, "last": 32820.0, "time": 1626993906.153601}}
1626993906.180629: {"channel": "orderbook", "market": "BTC-1231", "type": "update", "data": {"time": 1626993906.153601, "checksum": 4226499431, "bids": [[32817.0, 0.0], [32247.0, 0.0002]], "asks": [], "action": "update"}}
1626993906.2307541: {"channel": "ticker", "market": "BTC-1231", "type": "update", "data": {"bid": 32819.0, "ask": 32826.0, "bidSize": 0.26, "askSize": 0.0003, "last": 32820.0, "time": 1626993906.2062697}}
1626993906.23087: {"channel": "orderbook", "market": "BTC-1231", "type": "update", "data": {"time": 1626993906.2062697, "checksum": 2242210883, "bids": [[32819.0, 0.26], [32247.0, 0.0]], "asks": [], "action": "update"}}
1626993906.274189: {"channel": "ticker", "market": "BTC-1231", "type": "update", "data": {"bid": 32819.0, "ask": 32826.0, "bidSize": 0.26, "askSize": 0.0003, "last": 32820.0, "time": 1626993906.2524512}}
1626993906.274289: {"channel": "orderbook", "market": "BTC-1231", "type": "update", "data": {"time": 1626993906.2524512, "checksum": 1904980568, "bids": [[32818.0, 0.0], [32247.0, 0.0002]], "asks": [], "action": "update"}}
1626993906.29542: {"channel": "ticker", "market": "CAD/USD", "type": "update", "data": {"bid": 0.7959, "ask": 0.7964, "bidSize": 83274.0, "askSize": 104037.0, "last": 0.7962, "time": 1626993906.270263}}
1626993906.295518: {"channel": "orderbook", "market": "CAD/USD", "type": "update", "data": {"time": 1626993906.270263, "checksum": 706162672, "bids": [], "asks": [], "action": "update"}}
1626993906.316588: {"channel": "ticker", "market": "MKR-PERP", "type": "update", "data": {"bid": 2414.5, "ask": 2416.0, "bidSize": 0.568, "askSize": 0.389, "last": 2413.0, "time": 1626993906.2920766}}
1626993906.316685: {"channel": "orderbook", "market": "MKR-PERP", "type": "update", "data": {"time": 1626993906.2920766, "checksum": 3782059678, "bids": [], "asks": [], "action": "update"}}
1626993906.3915231: {"channel": "ticker", "market": "APHA/USD", "type": "update", "data": {"bid": 11.834, "ask": 11.835, "bidSize": 42.2, "askSize": 208.1, "last": 12.175, "time": 1626993906.3703}}
1626993906.391616: {"channel": "orderbook", "market": "APHA/USD", "type": "update", "data": {"time": 1626993906.3703, "checksum": 2172402314, "bids": [], "asks": [], "action": "update"}}
1626993906.412322: {"channel": "ticker", "market": "BTC-1231", "type": "update", "data": {"bid": 32819.0, "ask": 32826.0, "bidSize": 0.26, "askSize": 0.0003, "last": 32820.0, "time": 1626993906.381463}}
1626993906.4124181: {"channel": "orderbook", "market": "BTC-1231", "type": "update", "data": {"time": 1626993906.381463, "checksum": 285939567, "bids": [], "asks": [[32840.0, 0.0974]], "action": "update"}}
1626993906.4711308: {"channel": "ticker", "market": "PFE/USD", "type": "update", "data": {"bid": 41.44, "ask": 41.59, "bidSize": 442.57, "askSize": 404.18, "last": 41.32, "time": 1626993906.4491665}}
1626993906.471227: {"channel": "orderbook", "market": "PFE/USD", "type": "update", "data": {"time": 1626993906.4491665, "checksum": 825829276, "bids": [], "asks": [], "action": "update"}}
1626993906.490786: {"channel": "ticker", "market": "CHZ/USDT", "type": "update", "data": {"bid": 0.228183, "ask": 0.2285, "bidSize": 50.0, "askSize": 500.0, "last": 0.22864, "time": 1626993906.4635644}}
1626993906.490852: {"channel": "orderbook", "market": "CHZ/USDT", "type": "update", "data": {"time": 1626993906.4635644, "checksum": 3768252139, "bids": [], "asks": [], "action": "update"}}
1626993906.574763: {"channel": "ticker", "market": "MKR-PERP", "type": "update", "data": {"bid": 2414.5, "ask": 2416.0, "bidSize": 0.568, "askSize": 0.755, "last": 2413.0, "time": 1626993906.5472329}}
1626993906.5748749: {"channel": "orderbook", "market": "MKR-PERP", "type": "update", "data": {"time": 1626993906.5472329, "checksum": 1232212617, "bids": [], "asks": [[2416.0, 0.755]], "action": "update"}}
1626993906.6787992: {"channel": "ticker", "market": "FLOW-PERP", "type": "update", "data": {"bid": 16.42, "ask": 16.425, "bidSize": 3.88, "askSize": 286.62, "last": 16.42, "time": 1626993906.650688}}
1626993906.678916: {"channel": "orderbook", "market": "FLOW-PERP", "type": "update", "data": {"time": 1626993906.650688, "checksum": 2438839051, "bids": [], "asks": [], "action": "update"}}
1626993906.712922: {"channel": "ticker", "market": "FLOW-PERP", "type": "update", "data": {"bid": 16.42, "ask": 16.425, "bidSize": 3.88, "askSize": 286.62, "last": 16.42, "time": 1626993906.6928756}}
1626993906.713036: {"channel": "orderbook", "market": "FLOW-PERP", "type": "update", "data": {"time": 1626993906.6928756, "checksum": 3822013496, "bids": [[16.395, 705.16]], "asks": [], "action": "update"}}
1626993906.731951: {"channel": "ticker", "market": "BTC-1231", "type": "update", "data": {"bid": 32819.0, "ask": 32826.0, "bidSize": 0.25, "askSize": 0.0003, "last": 32820.0, "time": 1626993906.7080052}}
1626993906.7320461: {"channel": "orderbook", "market": "BTC-1231", "type": "update", "data": {"time": 1626993906.7080052, "checksum": 2692291341, "bids": [[32819.0, 0.25]], "asks": [], "action": "update"}}
1626993906.79325: {"channel": "ticker", "market": "FLOW-PERP", "type": "update", "data": {"bid": 16.42, "ask": 16.425, "bidSize": 3.88, "askSize": 286.62, "last": 16.42, "time": 1626993906.7727642}}
1626993906.7933178: {"channel": "orderbook", "market": "FLOW-PERP", "type": "update", "data": {"time": 1626993906.7727642, "checksum": 49939742, "bids": [], "asks": [[16.45, 75.59], [18.925, 0.0]], "action": "update"}}
1626993906.7965949: {"channel": "ticker", "market": "BTC-1231", "type": "update", "data": {"bid": 32819.0, "ask": 32826.0, "bidSize": 0.25, "askSize": 0.0003, "last": 32820.0, "time": 1626993906.7749999}}
1626993906.796691: {"channel": "orderbook", "market": "BTC-1231", "type": "update", "data": {"time": 1626993906.7749999, "checksum": 3707289079, "bids": [], "asks": [[32844.0, 12.7696]], "action": "update"}}
1626993906.829542: {"channel": "ticker", "market": "BTC-1231", "type": "update", "data": {"bid": 32820.0, "ask": 32826.0, "bidSize": 0.01, "askSize": 0.0003, "last": 32820.0, "time": 1626993906.8062494}}
1626993906.829639: {"channel": "orderbook", "market": "BTC-1231", "type": "update", "data": {"time": 1626993906.8062494, "checksum": 1197843971, "bids": [[32820.0, 0.01], [32247.0, 0.0]], "asks": [[32841.0, 0.0276]], "action": "update"}}
1626993906.885293: {"channel": "ticker", "market": "BTC-1231", "type": "update", "data": {"bid": 32820.0, "ask": 32826.0, "bidSize": 0.01, "askSize": 0.0003, "last": 32820.0, "time": 1626993906.858158}}
1626993906.885391: {"channel": "orderbook", "market": "BTC-1231", "type": "update", "data": {"time": 1626993906.858158, "checksum": 2378020318, "bids": [[32819.0, 0.0], [32247.0, 0.0002]], "asks": [[32840.0, 0.095]], "action": "update"}}
1626993906.925246: {"channel": "ticker", "market": "BTC-1231", "type": "update", "data": {"bid": 32820.0, "ask": 32826.0, "bidSize": 0.01, "askSize": 0.0003, "last": 32820.0, "time": 1626993906.9035325}}
1626993906.92534: {"channel": "orderbook", "market": "BTC-1231", "type": "update", "data": {"time": 1626993906.9035325, "checksum": 4029375003, "bids": [], "asks": [[32843.0, 0.0024], [33442.0, 0.0]], "action": "update"}}
1626993906.948701: {"channel": "ticker", "market": "BTC-1231", "type": "update", "data": {"bid": 32814.0, "ask": 32826.0, "bidSize": 7.7963, "askSize": 0.0003, "last": 32820.0, "time": 1626993906.9278226}}
1626993906.948813: {"channel": "orderbook", "market": "BTC-1231", "type": "update", "data": {"time": 1626993906.9278226, "checksum": 2394830834, "bids": [[32820.0, 0.0], [32242.0, 0.0004]], "asks": [], "action": "update"}}
1626993907.014384: {"channel": "ticker", "market": "FLOW-PERP", "type": "update", "data": {"bid": 16.42, "ask": 16.425, "bidSize": 3.88, "askSize": 356.8, "last": 16.42, "time": 1626993906.972954}}
1626993907.014478: {"channel": "orderbook", "market": "FLOW-PERP", "type": "update", "data": {"time": 1626993906.972954, "checksum": 1073803383, "bids": [], "asks": [[16.425, 356.8]], "action": "update"}}
1626993907.0211961: {"channel": "ticker", "market": "KNCBULL/USDT", "type": "update", "data": {"bid": 0.4536, "ask": 0.4646, "bidSize": 1051.1, "askSize": 0.1, "last": 0.4615, "time": 1626993906.9937263}}
1626993907.021294: {"channel": "orderbook", "market": "KNCBULL/USDT", "type": "update", "data": {"time": 1626993906.9937263, "checksum": 4188723151, "bids": [], "asks": [], "action": "update"}}
1626993907.0243552: {"channel": "ticker", "market": "BNBBEAR/USDT", "type": "update", "data": {"bid": 1.3e-07, "ask": 1.4e-07, "bidSize": 99000000.0, "askSize": 594000000.0, "last": 1.2e-07, "time": 1626993907.000379}}
1626993907.024449: {"channel": "orderbook", "market": "BNBBEAR/USDT", "type": "update", "data": {"time": 1626993907.000379, "checksum": 884149509, "bids": [], "asks": [], "action": "update"}}
1626993907.034157: {"channel": "ticker", "market": "BTC-1231", "type": "update", "data": {"bid": 32821.0, "ask": 32826.0, "bidSize": 0.01, "askSize": 0.0003, "last": 32820.0, "time": 1626993907.010596}}
1626993907.034276: {"channel": "orderbook", "market": "BTC-1231", "type": "update", "data": {"time": 1626993907.010596, "checksum": 4196570297, "bids": [[32821.0, 0.01], [32817.0, 0.25], [32247.0, 0.0], [32242.0, 0.0]], "asks": [], "action": "update"}}
1626993907.0771651: {"channel": "ticker", "market": "BTC-1231", "type": "update", "data": {"bid": 32814.0, "ask": 32826.0, "bidSize": 7.7963, "askSize": 0.0003, "last": 32820.0, "time": 1626993907.055928}}
1626993907.077261: {"channel": "orderbook", "market": "BTC-1231", "type": "update", "data": {"time": 1626993907.055928, "checksum": 3061056192, "bids": [[32821.0, 0.0], [32817.0, 0.0], [32247.0, 0.0002], [32242.0, 0.0004]], "asks": [[32896.0, 0.6151]], "action": "update"}}
1626993907.119056: {"channel": "ticker", "market": "BB-0924", "type": "update", "data": {"bid": 10.3575, "ask": 10.4375, "bidSize": 3.7, "askSize": 4.7, "last": 10.38, "time": 1626993907.0719714}}
1626993907.119152: {"channel": "orderbook", "market": "BB-0924", "type": "update", "data": {"time": 1626993907.0719714, "checksum": 3017106946, "bids": [], "asks": [], "action": "update"}}
1626993907.129416: {"channel": "ticker", "market": "BTC-1231", "type": "update", "data": {"bid": 32814.0, "ask": 32826.0, "bidSize": 7.7963, "askSize": 0.0003, "last": 32820.0, "time": 1626993907.1072059}}
1626993907.129472: {"channel": "orderbook", "market": "BTC-1231", "type": "update", "data": {"time": 1626993907.1072059, "checksum": 3902007555, "bids": [[32808.0, 10.6615]], "asks": [], "action": "update"}}
1626993907.148486: {"channel": "ticker", "market": "BTC-1231", "type": "update", "data": {"bid": 32817.0, "ask": 32826.0, "bidSize": 0.25, "askSize": 0.0003, "last": 32820.0, "time": 1626993907.1268294}}
1626993907.14854: {"channel": "orderbook", "market": "BTC-1231", "type": "update", "data": {"time": 1626993907.1268294, "checksum": 1517195094, "bids": [[32817.0, 0.25], [32805.0, 0.0]], "asks": [], "action": "update"}}
1626993907.185927: {"channel": "ticker", "market": "BTC-1231", "type": "update", "data": {"bid": 32817.0, "ask": 32826.0, "bidSize": 0.25, "askSize": 0.0003, "last": 32820.0, "time": 1626993907.1578586}}
1626993907.186039: {"channel": "orderbook", "market": "BTC-1231", "type": "update", "data": {"time": 1626993907.1578586, "checksum": 469433806, "bids": [[32815.0, 0.01], [32242.0, 0.0]], "asks": [], "action": "update"}}
1626993907.2273011: {"channel": "ticker", "market": "CHZ/USDT", "type": "update", "data": {"bid": 0.228214, "ask": 0.2285, "bidSize": 2440.0, "askSize": 500.0, "last": 0.22864, "time": 1626993907.2065768}}
1626993907.227398: {"channel": "orderbook", "market": "CHZ/USDT", "type": "update", "data": {"time": 1626993907.2065768, "checksum": 479938036, "bids": [[0.228214, 2440.0]], "asks": [], "action": "update"}}
1626993907.2478662: {"channel": "ticker", "market": "BTC-1231", "type": "update", "data": {"bid": 32818.0, "ask": 32826.0, "bidSize": 0.25, "askSize": 0.0003, "last": 32820.0, "time": 1626993907.2192934}}
1626993907.247963: {"channel": "orderbook", "market": "BTC-1231", "type": "update", "data": {"time": 1626993907.2192934, "checksum": 2865331989, "bids": [[32818.0, 0.25], [32815.0, 0.0]], "asks": [[32908.0, 1.0983], [33438.0, 0.0]], "action": "update"}}
1626993907.275543: {"channel": "ticker", "market": "CHZ/USDT", "type": "update", "data": {"bid": 0.228183, "ask": 0.2285, "bidSize": 50.0, "askSize": 500.0, "last": 0.22864, "time": 1626993907.2543309}}
1626993907.27564: {"channel": "orderbook", "market": "CHZ/USDT", "type": "update", "data": {"time": 1626993907.2543309, "checksum": 3768252139, "bids": [[0.228214, 0.0]], "asks": [], "action": "update"}}
1626993907.290179: {"channel": "ticker", "market": "BTC-1231", "type": "update", "data": {"bid": 32818.0, "ask": 32826.0, "bidSize": 0.25, "askSize": 0.0003, "last": 32820.0, "time": 1626993907.2657552}}
1626993907.290299: {"channel": "orderbook", "market": "BTC-1231", "type": "update", "data": {"time": 1626993907.2657552, "checksum": 2060159514, "bids": [[32817.0, 0.0], [32242.0, 0.0004]], "asks": [], "action": "update"}}
1626993907.320809: {"channel": "ticker", "market": "BTC-1231", "type": "update", "data": {"bid": 32819.0, "ask": 32826.0, "bidSize": 0.25, "askSize": 0.0003, "last": 32820.0, "time": 1626993907.296701}}
1626993907.3209238: {"channel": "orderbook", "market": "BTC-1231", "type": "update", "data": {"time": 1626993907.296701, "checksum": 3200135183, "bids": [[32819.0, 0.25], [32242.0, 0.0]], "asks": [], "action": "update"}}
1626993907.3441951: {"channel": "ticker", "market": "MKR-PERP", "type": "update", "data": {"bid": 2414.5, "ask": 2416.0, "bidSize": 0.568, "askSize": 0.755, "last": 2413.0, "time": 1626993907.3182018}}
1626993907.34429: {"channel": "orderbook", "market": "MKR-PERP", "type": "update", "data": {"time": 1626993907.3182018, "checksum": 1232212617, "bids": [], "asks": [], "action": "update"}}
1626993907.3517041: {"channel": "ticker", "market": "BTC-1231", "type": "update", "data": {"bid": 32819.0, "ask": 32826.0, "bidSize": 0.26, "askSize": 0.0003, "last": 32820.0, "time": 1626993907.3264775}}
1626993907.3518: {"channel": "orderbook", "market": "BTC-1231", "type": "update", "data": {"time": 1626993907.3264775, "checksum": 919215258, "bids": [[32819.0, 0.26], [32818.0, 0.0], [32242.0, 0.0004]], "asks": [[32841.0, 11.1974]], "action": "update"}}
1626993907.3633971: {"channel": "ticker", "market": "CAD/USD", "type": "update", "data": {"bid": 0.7959, "ask": 0.7964, "bidSize": 83274.0, "askSize": 104037.0, "last": 0.7962, "time": 1626993907.340532}}
1626993907.363494: {"channel": "orderbook", "market": "CAD/USD", "type": "update", "data": {"time": 1626993907.340532, "checksum": 706162672, "bids": [], "asks": [], "action": "update"}}
1626993907.373002: {"channel": "ticker", "market": "BTC-1231", "type": "update", "data": {"bid": 32819.0, "ask": 32826.0, "bidSize": 0.01, "askSize": 0.0003, "last": 32820.0, "time": 1626993907.3468359}}
1626993907.373097: {"channel": "orderbook", "market": "BTC-1231", "type": "update", "data": {"time": 1626993907.3468359, "checksum": 448087427, "bids": [[32819.0, 0.01]], "asks": [[32844.0, 0.1056]], "action": "update"}}
1626993907.4083: {"channel": "ticker", "market": "APHA/USD", "type": "update", "data": {"bid": 11.834, "ask": 11.835, "bidSize": 42.2, "askSize": 208.1, "last": 12.175, "time": 1626993907.3887122}}
1626993907.408396: {"channel": "orderbook", "market": "APHA/USD", "type": "update", "data": {"time": 1626993907.3887122, "checksum": 2172402314, "bids": [], "asks": [], "action": "update"}}
1626993907.438145: {"channel": "ticker", "market": "BTC-1231", "type": "update", "data": {"bid": 32814.0, "ask": 32826.0, "bidSize": 7.7963, "askSize": 0.0003, "last": 32820.0, "time": 1626993907.4105291}}
1626993907.4382432: {"channel": "orderbook", "market": "BTC-1231", "type": "update", "data": {"time": 1626993907.4105291, "checksum": 1572494344, "bids": [[32819.0, 0.0], [32237.0, 0.1526]], "asks": [[32840.0, 0.0974], [32843.0, 0.0], [33438.0, 0.0002]], "action": "update"}}
1626993907.458281: {"channel": "ticker", "market": "MKR-PERP", "type": "update", "data": {"bid": 2414.0, "ask": 2416.0, "bidSize": 0.186, "askSize": 0.755, "last": 2413.0, "time": 1626993907.4171443}}
1626993907.45838: {"channel": "orderbook", "market": "MKR-PERP", "type": "update", "data": {"time": 1626993907.4171443, "checksum": 3436214991, "bids": [[2414.5, 0.0], [2099.0, 0.001]], "asks": [], "action": "update"}}
1626993907.505045: {"channel": "ticker", "market": "PFE/USD", "type": "update", "data": {"bid": 41.44, "ask": 41.59, "bidSize": 442.57, "askSize": 404.18, "last": 41.32, "time": 1626993907.4840844}}
1626993907.5051131: {"channel": "orderbook", "market": "PFE/USD", "type": "update", "data": {"time": 1626993907.4840844, "checksum": 825829276, "bids": [], "asks": [], "action": "update"}}
1626993907.519246: {"channel": "ticker", "market": "CHZ/USDT", "type": "update", "data": {"bid": 0.228183, "ask": 0.2285, "bidSize": 50.0, "askSize": 500.0, "last": 0.22864, "time": 1626993907.4976733}}
1626993907.519369: {"channel": "orderbook", "market": "CHZ/USDT", "type": "update", "data": {"time": 1626993907.4976733, "checksum": 3768252139, "bids": [], "asks": [], "action": "update"}}
1626993907.526686: {"channel": "ticker", "market": "MKR-PERP", "type": "update", "data": {"bid": 2414.0, "ask": 2416.0, "bidSize": 0.186, "askSize": 0.389, "last": 2413.0, "time": 1626993907.5034688}}
1626993907.526783: {"channel": "orderbook", "market": "MKR-PERP", "type": "update", "data": {"time": 1626993907.5034688, "checksum": 1696606473, "bids": [], "asks": [[2416.0, 0.389], [2420.0, 3.916]], "action": "update"}}
1626993907.53214: {"channel": "ticker", "market": "BTC-1231", "type": "update", "data": {"bid": 32817.0, "ask": 32826.0, "bidSize": 0.25, "askSize": 0.0003, "last": 32820.0, "time": 1626993907.507355}}
1626993907.5322502: {"channel": "orderbook", "market": "BTC-1231", "type": "update", "data": {"time": 1626993907.507355, "checksum": 437373918, "bids": [[32817.0, 0.25], [32815.0, 0.01], [32747.0, 0.005], [32247.0, 0.0], [32242.0, 0.0], [32237.0, 0.0]], "asks": [], "action": "update"}}
1626993907.5800488: {"channel": "ticker", "market": "BTC-1231", "type": "update", "data": {"bid": 32817.0, "ask": 32826.0, "bidSize": 0.25, "askSize": 0.0003, "last": 32820.0, "time": 1626993907.558556}}
1626993907.5801442: {"channel": "orderbook", "market": "BTC-1231", "type": "update", "data": {"time": 1626993907.558556, "checksum": 1039986464, "bids": [[32815.0, 0.0], [32247.0, 0.0002]], "asks": [[32846.0, 0.2283], [33438.0, 0.0]], "action": "update"}}
1626993907.602818: {"channel": "ticker", "market": "BTC-1231", "type": "update", "data": {"bid": 32818.0, "ask": 32826.0, "bidSize": 0.25, "askSize": 0.0003, "last": 32820.0, "time": 1626993907.5794842}}
1626993907.602932: {"channel": "orderbook", "market": "BTC-1231", "type": "update", "data": {"time": 1626993907.5794842, "checksum": 2119157283, "bids": [[32818.0, 0.25], [32247.0, 0.0]], "asks": [], "action": "update"}}
1626993907.635922: {"channel": "ticker", "market": "MKR-PERP", "type": "update", "data": {"bid": 2414.0, "ask": 2416.0, "bidSize": 0.186, "askSize": 0.779, "last": 2413.0, "time": 1626993907.609824}}
1626993907.6360152: {"channel": "orderbook", "market": "MKR-PERP", "type": "update", "data": {"time": 1626993907.609824, "checksum": 2421150104, "bids": [], "asks": [[2416.0, 0.779]], "action": "update"}}
1626993907.6794722: {"channel": "ticker", "market": "BTC-1231", "type": "update", "data": {"bid": 32819.0, "ask": 32826.0, "bidSize": 0.25, "askSize": 0.0003, "last": 32820.0, "time": 1626993907.6539733}}
1626993907.679569: {"channel": "orderbook", "market": "BTC-1231", "type": "update", "data": {"time": 1626993907.6539733, "checksum": 3308964062, "bids": [[32819.0, 0.25], [32818.0, 0.26], [32817.0, 0.0]], "asks": [], "action": "update"}}
1626993907.7162209: {"channel": "ticker", "market": "FLOW-PERP", "type": "update", "data": {"bid": 16.42, "ask": 16.425, "bidSize": 3.88, "askSize": 356.8, "last": 16.42, "time": 1626993907.6815948}}
1626993907.716317: {"channel": "orderbook", "market": "FLOW-PERP", "type": "update", "data": {"time": 1626993907.6815948, "checksum": 1073803383, "bids": [], "asks": [], "action": "update"}}
1626993907.724854: {"channel": "ticker", "market": "BTC-1231", "type": "update", "data": {"bid": 32818.0, "ask": 32826.0, "bidSize": 0.01, "askSize": 0.0003, "last": 32820.0, "time": 1626993907.6898649}}
1626993907.724948: {"channel": "orderbook", "market": "BTC-1231", "type": "update", "data": {"time": 1626993907.6898649, "checksum": 2504761862, "bids": [[32819.0, 0.0], [32818.0, 0.01], [32247.0, 0.0002]], "asks": [], "action": "update"}}
1626993907.758966: {"channel": "ticker", "market": "BTC-1231", "type": "update", "data": {"bid": 32818.0, "ask": 32826.0, "bidSize": 0.01, "askSize": 0.0003, "last": 32820.0, "time": 1626993907.7303927}}
1626993907.759062: {"channel": "orderbook", "market": "BTC-1231", "type": "update", "data": {"time": 1626993907.7303927, "checksum": 2504761862, "bids": [], "asks": [], "action": "update"}}
1626993907.7954402: {"channel": "ticker", "market": "CHZ/USDT", "type": "update", "data": {"bid": 0.228183, "ask": 0.2285, "bidSize": 50.0, "askSize": 500.0, "last": 0.22864, "time": 1626993907.7728276}}
1626993907.795541: {"channel": "orderbook", "market": "CHZ/USDT", "type": "update", "data": {"time": 1626993907.7728276, "checksum": 3554660134, "bids": [[0.227612, 0.0]], "asks": [], "action": "update"}}
1626993907.795635: {"channel": "ticker", "market": "BTC-1231", "type": "update", "data": {"bid": 32819.0, "ask": 32834.0, "bidSize": 0.25, "askSize": 0.6445, "last": 32820.0, "time": 1626993907.7670686}}
1626993907.795685: {"channel": "orderbook", "market": "BTC-1231", "type": "update", "data": {"time": 1626993907.7670686, "checksum": 3280833782, "bids": [[32819.0, 0.25], [32818.0, 0.0], [32812.0, 0.0309], [32247.0, 0.0]], "asks": [[32826.0, 0.0], [32837.0, 0.0], [32845.0, 12.6096], [33438.0, 0.0002]], "action": "update"}}
1626993907.830461: {"channel": "ticker", "market": "BTC-1231", "type": "update", "data": {"bid": 32819.0, "ask": 32834.0, "bidSize": 0.0013, "askSize": 0.6445, "last": 32820.0, "time": 1626993907.8043687}}
1626993907.830567: {"channel": "orderbook", "market": "BTC-1231", "type": "update", "data": {"time": 1626993907.8043687, "checksum": 3961401191, "bids": [[32819.0, 0.0013], [32811.0, 12.0314], [32252.0, 0.0]], "asks": [[32841.0, 0.0276]], "action": "update"}}
1626993907.8600829: {"channel": "ticker", "market": "BTC-1231", "type": "update", "data": {"bid": 32819.0, "ask": 32834.0, "bidSize": 0.0013, "askSize": 0.6445, "last": 32820.0, "time": 1626993907.8353224}}
1626993907.8601768: {"channel": "orderbook", "market": "BTC-1231", "type": "update", "data": {"time": 1626993907.8353224, "checksum": 1151606345, "bids": [[32808.0, 0.6229]], "asks": [], "action": "update"}}
1626993907.87418: {"channel": "ticker", "market": "BTC-1231", "type": "update", "data": {"bid": 32819.0, "ask": 32834.0, "bidSize": 0.0013, "askSize": 0.6445, "last": 32820.0, "time": 1626993907.8531928}}
1626993907.874273: {"channel": "orderbook", "market": "BTC-1231", "type": "update", "data": {"time": 1626993907.8531928, "checksum": 1908092236, "bids": [[32791.0, 0.464]], "asks": [], "action": "update"}}
1626993907.925524: {"channel": "ticker", "market": "BTC-1231", "type": "update", "data": {"bid": 32819.0, "ask": 32834.0, "bidSize": 0.0013, "askSize": 0.6445, "last": 32820.0, "time": 1626993907.8927777}}
1626993907.925638: {"channel": "orderbook", "market": "BTC-1231", "type": "update", "data": {"time": 1626993907.8927777, "checksum": 1467903602, "bids": [], "asks": [[32840.0, 0.095], [32844.0, 0.108]], "action": "update"}}
1626993907.93676: {"channel": "ticker", "market": "CHZ/USDT", "type": "update", "data": {"bid": 0.228183, "ask": 0.2285, "bidSize": 50.0, "askSize": 500.0, "last": 0.22864, "time": 1626993907.9160166}}
1626993907.9368541: {"channel": "orderbook", "market": "CHZ/USDT", "type": "update", "data": {"time": 1626993907.9160166, "checksum": 2538723625, "bids": [[0.227645, 0.0]], "asks": [], "action": "update"}}
1626993907.9587882: {"channel": "ticker", "market": "BTC-1231", "type": "update", "data": {"bid": 32820.0, "ask": 32834.0, "bidSize": 0.01, "askSize": 0.6445, "last": 32820.0, "time": 1626993907.9382021}}
1626993907.958883: {"channel": "orderbook", "market": "BTC-1231", "type": "update", "data": {"time": 1626993907.9382021, "checksum": 1968070146, "bids": [[32820.0, 0.01], [32282.0, 0.0]], "asks": [], "action": "update"}}
1626993908.0258849: {"channel": "ticker", "market": "BTC-1231", "type": "update", "data": {"bid": 32819.0, "ask": 32834.0, "bidSize": 0.0013, "askSize": 0.6445, "last": 32820.0, "time": 1626993907.9991558}}
1626993908.025953: {"channel": "orderbook", "market": "BTC-1231", "type": "update", "data": {"time": 1626993907.9991558, "checksum": 470200211, "bids": [[32820.0, 0.0], [32747.0, 0.0], [32282.0, 0.0002], [32252.0, 0.0004]], "asks": [], "action": "update"}}
1626993908.038877: {"channel": "ticker", "market": "KNCBULL/USDT", "type": "update", "data": {"bid": 0.4536, "ask": 0.4646, "bidSize": 1051.1, "askSize": 0.1, "last": 0.4615, "time": 1626993908.0161142}}
1626993908.038977: {"channel": "orderbook", "market": "KNCBULL/USDT", "type": "update", "data": {"time": 1626993908.0161142, "checksum": 4188723151, "bids": [], "asks": [], "action": "update"}}
1626993908.045289: {"channel": "ticker", "market": "BNBBEAR/USDT", "type": "update", "data": {"bid": 1.3e-07, "ask": 1.4e-07, "bidSize": 99000000.0, "askSize": 594000000.0, "last": 1.2e-07, "time": 1626993908.0232146}}
1626993908.045391: {"channel": "orderbook", "market": "BNBBEAR/USDT", "type": "update", "data": {"time": 1626993908.0232146, "checksum": 884149509, "bids": [], "asks": [], "action": "update"}}
1626993908.113156: {"channel": "ticker", "market": "BTC-1231", "type": "update", "data": {"bid": 32819.0, "ask": 32834.0, "bidSize": 0.25, "askSize": 0.6445, "last": 32820.0, "time": 1626993908.0705981}}
1626993908.113251: {"channel": "orderbook", "market": "BTC-1231", "type": "update", "data": {"time": 1626993908.0705981, "checksum": 1395232171, "bids": [[32819.0, 0.25]], "asks": [], "action": "update"}}
1626993908.145092: {"channel": "ticker", "market": "BB-0924", "type": "update", "data": {"bid": 10.3575, "ask": 10.4375, "bidSize": 3.7, "askSize": 4.7, "last": 10.38, "time": 1626993908.1152666}}
1626993908.1451871: {"channel": "orderbook", "market": "BB-0924", "type": "update", "data": {"time": 1626993908.1152666, "checksum": 3017106946, "bids": [], "asks": [], "action": "update"}}
1626993908.151484: {"channel": "ticker", "market": "BTC-1231", "type": "update", "data": {"bid": 32819.0, "ask": 32828.0, "bidSize": 0.25, "askSize": 0.0003, "last": 32820.0, "time": 1626993908.1291533}}
1626993908.151577: {"channel": "orderbook", "market": "BTC-1231", "type": "update", "data": {"time": 1626993908.1291533, "checksum": 14710316, "bids": [], "asks": [[32828.0, 0.0003], [33438.0, 0.0]], "action": "update"}}
1626993908.188736: {"channel": "ticker", "market": "CHZ/USDT", "type": "update", "data": {"bid": 0.228183, "ask": 0.2285, "bidSize": 50.0, "askSize": 500.0, "last": 0.22864, "time": 1626993908.166882}}
1626993908.188801: {"channel": "orderbook", "market": "CHZ/USDT", "type": "update", "data": {"time": 1626993908.166882, "checksum": 2595529571, "bids": [[0.227682, 4570.0], [0.227655, 9140.0]], "asks": [], "action": "update"}}
1626993908.19713: {"channel": "ticker", "market": "BTC-1231", "type": "update", "data": {"bid": 32819.0, "ask": 32828.0, "bidSize": 0.25, "askSize": 0.0003, "last": 32820.0, "time": 1626993908.173973}}
1626993908.197194: {"channel": "orderbook", "market": "BTC-1231", "type": "update", "data": {"time": 1626993908.173973, "checksum": 647228857, "bids": [[32815.0, 0.01], [32252.0, 0.0]], "asks": [], "action": "update"}}
1626993908.250689: {"channel": "ticker", "market": "BTC-1231", "type": "update", "data": {"bid": 32820.0, "ask": 32828.0, "bidSize": 0.25, "askSize": 0.0003, "last": 32820.0, "time": 1626993908.22627}}
1626993908.250738: {"channel": "orderbook", "market": "BTC-1231", "type": "update", "data": {"time": 1626993908.22627, "checksum": 672149657, "bids": [[32820.0, 0.25], [32282.0, 0.0]], "asks": [], "action": "update"}}
1626993908.2768261: {"channel": "ticker", "market": "BTC-1231", "type": "update", "data": {"bid": 32820.0, "ask": 32828.0, "bidSize": 0.25, "askSize": 0.0003, "last": 32820.0, "time": 1626993908.253051}}
1626993908.276854: {"channel": "orderbook", "market": "BTC-1231", "type": "update", "data": {"time": 1626993908.253051, "checksum": 2492224350, "bids": [[32815.0, 0.0], [32282.0, 0.0002]], "asks": [], "action": "update"}}
1626993908.2864158: {"channel": "ticker", "market": "FLOW-PERP", "type": "update", "data": {"bid": 16.42, "ask": 16.425, "bidSize": 3.88, "askSize": 356.8, "last": 16.42, "time": 1626993908.2616532}}
1626993908.286439: {"channel": "orderbook", "market": "FLOW-PERP", "type": "update", "data": {"time": 1626993908.2616532, "checksum": 1280458540, "bids": [[16.41, 99.61]], "asks": [], "action": "update"}}
1626993908.326733: {"channel": "ticker", "market": "BTC-1231", "type": "update", "data": {"bid": 32821.0, "ask": 32828.0, "bidSize": 0.25, "askSize": 0.0003, "last": 32820.0, "time": 1626993908.3004775}}
1626993908.32685: {"channel": "orderbook", "market": "BTC-1231", "type": "update", "data": {"time": 1626993908.3004775, "checksum": 2962813172, "bids": [[32821.0, 0.25], [32819.0, 0.0]], "asks": [], "action": "update"}}
1626993908.365136: {"channel": "ticker", "market": "BTC-1231", "type": "update", "data": {"bid": 32814.0, "ask": 32828.0, "bidSize": 7.7963, "askSize": 0.0003, "last": 32820.0, "time": 1626993908.3425565}}
1626993908.36517: {"channel": "orderbook", "market": "BTC-1231", "type": "update", "data": {"time": 1626993908.3425565, "checksum": 1313637935, "bids": [[32821.0, 0.0], [32820.0, 0.0], [32252.0, 0.0004], [32247.0, 0.0002]], "asks": [], "action": "update"}}
1626993908.365215: {"channel": "ticker", "market": "MKR-PERP", "type": "update", "data": {"bid": 2414.0, "ask": 2416.0, "bidSize": 0.186, "askSize": 0.779, "last": 2413.0, "time": 1626993908.3428915}}
1626993908.3657541: {"channel": "orderbook", "market": "MKR-PERP", "type": "update", "data": {"time": 1626993908.3428915, "checksum": 2421150104, "bids": [], "asks": [], "action": "update"}}
1626993908.407744: {"channel": "ticker", "market": "CAD/USD", "type": "update", "data": {"bid": 0.7959, "ask": 0.7964, "bidSize": 83274.0, "askSize": 104037.0, "last": 0.7962, "time": 1626993908.3839865}}
1626993908.4077818: {"channel": "orderbook", "market": "CAD/USD", "type": "update", "data": {"time": 1626993908.3839865, "checksum": 706162672, "bids": [], "asks": [], "action": "update"}}
1626993908.43807: {"channel": "ticker", "market": "APHA/USD", "type": "update", "data": {"bid": 11.834, "ask": 11.835, "bidSize": 42.2, "askSize": 208.1, "last": 12.175, "time": 1626993908.4106743}}
1626993908.438117: {"channel": "orderbook", "market": "APHA/USD", "type": "update", "data": {"time": 1626993908.4106743, "checksum": 2172402314, "bids": [], "asks": [], "action": "update"}}
1626993908.4425201: {"channel": "ticker", "market": "BTC-1231", "type": "update", "data": {"bid": 32821.0, "ask": 32828.0, "bidSize": 0.01, "askSize": 0.0003, "last": 32820.0, "time": 1626993908.400448}}
1626993908.4425752: {"channel": "orderbook", "market": "BTC-1231", "type": "update", "data": {"time": 1626993908.400448, "checksum": 3573581868, "bids": [[32821.0, 0.01], [32811.0, 0.0], [32808.0, 7.6163], [32713.0, 0.2292], [32247.0, 0.0]], "asks": [[32841.0, 12.1451]], "action": "update"}}
1626993908.483835: {"channel": "ticker", "market": "BTC-1231", "type": "update", "data": {"bid": 32818.0, "ask": 32828.0, "bidSize": 0.25, "askSize": 0.0003, "last": 32820.0, "time": 1626993908.459757}}
1626993908.48393: {"channel": "orderbook", "market": "BTC-1231", "type": "update", "data": {"time": 1626993908.459757, "checksum": 1955784712, "bids": [[32821.0, 0.0], [32818.0, 0.25]], "asks": [[32845.0, 0.0], [33438.0, 0.0002]], "action": "update"}}
1626993908.493998: {"channel": "ticker", "market": "MKR-PERP", "type": "update", "data": {"bid": 2414.0, "ask": 2416.0, "bidSize": 0.186, "askSize": 0.779, "last": 2413.0, "time": 1626993908.4669158}}
1626993908.494099: {"channel": "orderbook", "market": "MKR-PERP", "type": "update", "data": {"time": 1626993908.4669158, "checksum": 836189698, "bids": [], "asks": [[2416.5, 1.546]], "action": "update"}}
1626993908.535391: {"channel": "ticker", "market": "PFE/USD", "type": "update", "data": {"bid": 41.44, "ask": 41.59, "bidSize": 442.57, "askSize": 404.18, "last": 41.32, "time": 1626993908.5146728}}
1626993908.535498: {"channel": "orderbook", "market": "PFE/USD", "type": "update", "data": {"time": 1626993908.5146728, "checksum": 825829276, "bids": [], "asks": [], "action": "update"}}
1626993908.541049: {"channel": "ticker", "market": "MKR-PERP", "type": "update", "data": {"bid": 2414.5, "ask": 2415.5, "bidSize": 0.617, "askSize": 0.414, "last": 2413.0, "time": 1626993908.512427}}
1626993908.541145: {"channel": "orderbook", "market": "MKR-PERP", "type": "update", "data": {"time": 1626993908.512427, "checksum": 3678218304, "bids": [[2414.5, 0.617], [2099.0, 0.0]], "asks": [[2415.5, 0.414], [2795.5, 0.0]], "action": "update"}}
1626993908.549747: {"channel": "ticker", "market": "CHZ/USDT", "type": "update", "data": {"bid": 0.228183, "ask": 0.2285, "bidSize": 50.0, "askSize": 500.0, "last": 0.22864, "time": 1626993908.5240855}}
1626993908.549845: {"channel": "orderbook", "market": "CHZ/USDT", "type": "update", "data": {"time": 1626993908.5240855, "checksum": 2595529571, "bids": [], "asks": [], "action": "update"}}
1626993908.5582058: {"channel": "ticker", "market": "BTC-1231", "type": "update", "data": {"bid": 32821.0, "ask": 32828.0, "bidSize": 0.25, "askSize": 0.0003, "last": 32820.0, "time": 1626993908.522106}}
1626993908.5583081: {"channel": "orderbook", "market": "BTC-1231", "type": "update", "data": {"time": 1626993908.522106, "checksum": 1219678527, "bids": [[32821.0, 0.25], [32818.0, 0.0], [32747.0, 0.005], [32252.0, 0.0]], "asks": [[32844.0, 0.1056]], "action": "update"}}
1626993908.5859342: {"channel": "ticker", "market": "BTC-1231", "type": "update", "data": {"bid": 32814.0, "ask": 32828.0, "bidSize": 7.7963, "askSize": 0.0003, "last": 32820.0, "time": 1626993908.564682}}
1626993908.586049: {"channel": "orderbook", "market": "BTC-1231", "type": "update", "data": {"time": 1626993908.564682, "checksum": 3982266385, "bids": [[32821.0, 0.0], [32252.0, 0.0004]], "asks": [[32840.0, 0.0974]], "action": "update"}}
1626993908.60738: {"channel": "ticker", "market": "MKR-PERP", "type": "update", "data": {"bid": 2414.5, "ask": 2416.0, "bidSize": 0.617, "askSize": 0.389, "last": 2413.0, "time": 1626993908.5859785}}
1626993908.607475: {"channel": "orderbook", "market": "MKR-PERP", "type": "update", "data": {"time": 1626993908.5859785, "checksum": 2350410980, "bids": [], "asks": [[2415.5, 0.0], [2416.0, 0.389], [2795.5, 0.024]], "action": "update"}}
1626993908.6416209: {"channel": "ticker", "market": "BTC-1231", "type": "update", "data": {"bid": 32822.0, "ask": 32828.0, "bidSize": 0.01, "askSize": 0.0003, "last": 32820.0, "time": 1626993908.6169956}}
1626993908.641686: {"channel": "orderbook", "market": "BTC-1231", "type": "update", "data": {"time": 1626993908.6169956, "checksum": 288905166, "bids": [[32822.0, 0.01], [32713.0, 0.0]], "asks": [], "action": "update"}}
1626993908.6920068: {"channel": "ticker", "market": "BTC-1231", "type": "update", "data": {"bid": 32817.0, "ask": 32828.0, "bidSize": 0.25, "askSize": 0.0003, "last": 32820.0, "time": 1626993908.670077}}
1626993908.6921139: {"channel": "orderbook", "market": "BTC-1231", "type": "update", "data": {"time": 1626993908.670077, "checksum": 3905761884, "bids": [[32822.0, 0.0], [32817.0, 0.25]], "asks": [], "action": "update"}}
1626993908.719543: {"channel": "ticker", "market": "MKR-PERP", "type": "update", "data": {"bid": 2414.5, "ask": 2416.0, "bidSize": 0.617, "askSize": 0.761, "last": 2413.0, "time": 1626993908.6982863}}
1626993908.7196102: {"channel": "orderbook", "market": "MKR-PERP", "type": "update", "data": {"time": 1626993908.6982863, "checksum": 2466160578, "bids": [], "asks": [[2416.0, 0.761]], "action": "update"}}
1626993908.7419462: {"channel": "ticker", "market": "FLOW-PERP", "type": "update", "data": {"bid": 16.42, "ask": 16.425, "bidSize": 3.88, "askSize": 356.8, "last": 16.42, "time": 1626993908.7166724}}
1626993908.7420459: {"channel": "orderbook", "market": "FLOW-PERP", "type": "update", "data": {"time": 1626993908.7166724, "checksum": 1280458540, "bids": [], "asks": [], "action": "update"}}
1626993908.783842: {"channel": "ticker", "market": "BTC-1231", "type": "update", "data": {"bid": 32819.0, "ask": 32828.0, "bidSize": 0.25, "askSize": 0.0003, "last": 32820.0, "time": 1626993908.7599697}}
1626993908.783938: {"channel": "orderbook", "market": "BTC-1231", "type": "update", "data": {"time": 1626993908.7599697, "checksum": 2119074192, "bids": [[32819.0, 0.25], [32818.0, 0.01], [32282.0, 0.0], [32252.0, 0.0]], "asks": [], "action": "update"}}
1626993908.8328671: {"channel": "ticker", "market": "BTC-1231", "type": "update", "data": {"bid": 32819.0, "ask": 32828.0, "bidSize": 0.25, "askSize": 0.0003, "last": 32820.0, "time": 1626993908.8124366}}
1626993908.832961: {"channel": "orderbook", "market": "BTC-1231", "type": "update", "data": {"time": 1626993908.8124366, "checksum": 860429682, "bids": [], "asks": [[32908.0, 0.0], [33442.0, 0.025]], "action": "update"}}
1626993908.853237: {"channel": "ticker", "market": "BTC-1231", "type": "update", "data": {"bid": 32819.0, "ask": 32828.0, "bidSize": 0.25, "askSize": 0.0003, "last": 32820.0, "time": 1626993908.8328102}}
1626993908.853332: {"channel": "orderbook", "market": "BTC-1231", "type": "update", "data": {"time": 1626993908.8328102, "checksum": 2743992396, "bids": [[32818.0, 0.0], [32817.0, 0.0], [32282.0, 0.0002], [32252.0, 0.0004]], "asks": [], "action": "update"}}
1626993908.889468: {"channel": "ticker", "market": "BTC-1231", "type": "update", "data": {"bid": 32820.0, "ask": 32828.0, "bidSize": 0.25, "askSize": 0.0003, "last": 32820.0, "time": 1626993908.8621843}}
1626993908.8895621: {"channel": "orderbook", "market": "BTC-1231", "type": "update", "data": {"time": 1626993908.8621843, "checksum": 1118697290, "bids": [[32820.0, 0.25], [32252.0, 0.0]], "asks": [], "action": "update"}}
1626993908.906077: {"channel": "ticker", "market": "BTC-1231", "type": "update", "data": {"bid": 32820.0, "ask": 32828.0, "bidSize": 0.25, "askSize": 0.0003, "last": 32820.0, "time": 1626993908.882915}}
1626993908.9061718: {"channel": "orderbook", "market": "BTC-1231", "type": "update", "data": {"time": 1626993908.882915, "checksum": 2774094180, "bids": [[32819.0, 0.0], [32252.0, 0.0004]], "asks": [], "action": "update"}}
1626993908.972194: {"channel": "ticker", "market": "BTC-1231", "type": "update", "data": {"bid": 32820.0, "ask": 32828.0, "bidSize": 0.26, "askSize": 0.0003, "last": 32820.0, "time": 1626993908.9499848}}
1626993908.972289: {"channel": "orderbook", "market": "BTC-1231", "type": "update", "data": {"time": 1626993908.9499848, "checksum": 2925129233, "bids": [[32820.0, 0.26]], "asks": [[32899.0, 1.0844], [33442.0, 0.0]], "action": "update"}}
1626993909.04371: {"channel": "ticker", "market": "BTC-1231", "type": "update", "data": {"bid": 32820.0, "ask": 32828.0, "bidSize": 0.26, "askSize": 0.0003, "last": 32820.0, "time": 1626993909.0233948}}
1626993909.04378: {"channel": "orderbook", "market": "BTC-1231", "type": "update", "data": {"time": 1626993909.0233948, "checksum": 2095554200, "bids": [[32747.0, 0.0], [32247.0, 0.0002]], "asks": [], "action": "update"}}
1626993909.0674949: {"channel": "ticker", "market": "KNCBULL/USDT", "type": "update", "data": {"bid": 0.4536, "ask": 0.4646, "bidSize": 1051.1, "askSize": 0.1, "last": 0.4615, "time": 1626993909.0457716}}
1626993909.067598: {"channel": "orderbook", "market": "KNCBULL/USDT", "type": "update", "data": {"time": 1626993909.0457716, "checksum": 4188723151, "bids": [], "asks": [], "action": "update"}}
1626993909.075454: {"channel": "ticker", "market": "BNBBEAR/USDT", "type": "update", "data": {"bid": 1.3e-07, "ask": 1.4e-07, "bidSize": 99000000.0, "askSize": 594000000.0, "last": 1.2e-07, "time": 1626993909.048302}}
1626993909.075555: {"channel": "orderbook", "market": "BNBBEAR/USDT", "type": "update", "data": {"time": 1626993909.048302, "checksum": 884149509, "bids": [], "asks": [], "action": "update"}}
1626993909.172501: {"channel": "ticker", "market": "BB-0924", "type": "update", "data": {"bid": 10.3575, "ask": 10.4375, "bidSize": 3.7, "askSize": 4.7, "last": 10.38, "time": 1626993909.1458855}}
1626993909.172595: {"channel": "orderbook", "market": "BB-0924", "type": "update", "data": {"time": 1626993909.1458855, "checksum": 3017106946, "bids": [], "asks": [], "action": "update"}}
1626993909.208521: {"channel": "ticker", "market": "FLOW-PERP", "type": "update", "data": {"bid": 16.42, "ask": 16.425, "bidSize": 3.88, "askSize": 356.8, "last": 16.42, "time": 1626993909.1845038}}
1626993909.2086241: {"channel": "orderbook", "market": "FLOW-PERP", "type": "update", "data": {"time": 1626993909.1845038, "checksum": 227203440, "bids": [[16.36, 299.08]], "asks": [], "action": "update"}}
1626993909.2148638: {"channel": "ticker", "market": "CHZ/USDT", "type": "update", "data": {"bid": 0.228183, "ask": 0.2285, "bidSize": 50.0, "askSize": 500.0, "last": 0.22864, "time": 1626993909.1884162}}
1626993909.214908: {"channel": "orderbook", "market": "CHZ/USDT", "type": "update", "data": {"time": 1626993909.1884162, "checksum": 1002070214, "bids": [[0.227762, 0.0]], "asks": [], "action": "update"}}
1626993909.2541618: {"channel": "ticker", "market": "FLOW-PERP", "type": "update", "data": {"bid": 16.42, "ask": 16.425, "bidSize": 3.88, "askSize": 356.8, "last": 16.42, "time": 1626993909.23281}}
1626993909.2542279: {"channel": "orderbook", "market": "FLOW-PERP", "type": "update", "data": {"time": 1626993909.23281, "checksum": 2237234786, "bids": [], "asks": [[16.47, 83.04], [18.9, 0.0]], "action": "update"}}
1626993909.333523: {"channel": "ticker", "market": "MKR-PERP", "type": "update", "data": {"bid": 2414.5, "ask": 2416.0, "bidSize": 0.617, "askSize": 0.761, "last": 2413.0, "time": 1626993909.308182}}
1626993909.333616: {"channel": "orderbook", "market": "MKR-PERP", "type": "update", "data": {"time": 1626993909.308182, "checksum": 1053918350, "bids": [], "asks": [[2445.0, 0.039]], "action": "update"}}
1626993909.341831: {"channel": "ticker", "market": "BTC-1231", "type": "update", "data": {"bid": 32820.0, "ask": 32828.0, "bidSize": 0.26, "askSize": 0.0003, "last": 32820.0, "time": 1626993909.3195522}}
1626993909.3419251: {"channel": "orderbook", "market": "BTC-1231", "type": "update", "data": {"time": 1626993909.3195522, "checksum": 826122436, "bids": [], "asks": [[32846.0, 0.0], [33442.0, 0.025]], "action": "update"}}
1626993909.386772: {"channel": "ticker", "market": "MKR-PERP", "type": "update", "data": {"bid": 2414.5, "ask": 2416.0, "bidSize": 0.617, "askSize": 0.761, "last": 2413.0, "time": 1626993909.3633049}}
1626993909.386867: {"channel": "orderbook", "market": "MKR-PERP", "type": "update", "data": {"time": 1626993909.3633049, "checksum": 1053918350, "bids": [], "asks": [], "action": "update"}}
1626993909.452045: {"channel": "ticker", "market": "CAD/USD", "type": "update", "data": {"bid": 0.7959, "ask": 0.7964, "bidSize": 83274.0, "askSize": 104037.0, "last": 0.7962, "time": 1626993909.4268918}}
1626993909.452141: {"channel": "orderbook", "market": "CAD/USD", "type": "update", "data": {"time": 1626993909.4268918, "checksum": 706162672, "bids": [], "asks": [], "action": "update"}}
1626993909.460563: {"channel": "ticker", "market": "APHA/USD", "type": "update", "data": {"bid": 11.834, "ask": 11.835, "bidSize": 42.2, "askSize": 208.1, "last": 12.175, "time": 1626993909.4409633}}
1626993909.460659: {"channel": "orderbook", "market": "APHA/USD", "type": "update", "data": {"time": 1626993909.4409633, "checksum": 2172402314, "bids": [], "asks": [], "action": "update"}}
1626993909.461416: {"channel": "ticker", "market": "CHZ/USDT", "type": "update", "data": {"bid": 0.228183, "ask": 0.2285, "bidSize": 50.0, "askSize": 500.0, "last": 0.22864, "time": 1626993909.4408798}}
1626993909.4614909: {"channel": "orderbook", "market": "CHZ/USDT", "type": "update", "data": {"time": 1626993909.4408798, "checksum": 334723797, "bids": [[0.227803, 9120.0]], "asks": [], "action": "update"}}
1626993909.573167: {"channel": "ticker", "market": "PFE/USD", "type": "update", "data": {"bid": 41.44, "ask": 41.59, "bidSize": 442.57, "askSize": 404.18, "last": 41.32, "time": 1626993909.5520144}}
1626993909.573281: {"channel": "orderbook", "market": "PFE/USD", "type": "update", "data": {"time": 1626993909.5520144, "checksum": 825829276, "bids": [], "asks": [], "action": "update"}}
1626993909.584811: {"channel": "ticker", "market": "CHZ/USDT", "type": "update", "data": {"bid": 0.228183, "ask": 0.2285, "bidSize": 50.0, "askSize": 500.0, "last": 0.22864, "time": 1626993909.5538807}}
1626993909.5849102: {"channel": "orderbook", "market": "CHZ/USDT", "type": "update", "data": {"time": 1626993909.5538807, "checksum": 334723797, "bids": [], "asks": [], "action": "update"}}
1626993909.586902: {"channel": "ticker", "market": "BTC-1231", "type": "update", "data": {"bid": 32820.0, "ask": 32828.0, "bidSize": 0.26, "askSize": 0.0003, "last": 32820.0, "time": 1626993909.566778}}
1626993909.586996: {"channel": "orderbook", "market": "BTC-1231", "type": "update", "data": {"time": 1626993909.566778, "checksum": 3155164345, "bids": [[32747.0, 0.005], [32247.0, 0.0]], "asks": [], "action": "update"}}
1626993909.766581: {"channel": "ticker", "market": "MKR-PERP", "type": "update", "data": {"bid": 2414.5, "ask": 2416.0, "bidSize": 0.617, "askSize": 0.761, "last": 2413.0, "time": 1626993909.7412045}}
1626993909.766678: {"channel": "orderbook", "market": "MKR-PERP", "type": "update", "data": {"time": 1626993909.7412045, "checksum": 172446671, "bids": [], "asks": [[2420.0, 4.996]], "action": "update"}}
1626993909.766753: {"channel": "ticker", "market": "FLOW-PERP", "type": "update", "data": {"bid": 16.42, "ask": 16.425, "bidSize": 3.88, "askSize": 356.8, "last": 16.42, "time": 1626993909.737125}}
1626993909.766795: {"channel": "orderbook", "market": "FLOW-PERP", "type": "update", "data": {"time": 1626993909.737125, "checksum": 2237234786, "bids": [], "asks": [], "action": "update"}}
1626993909.8120902: {"channel": "ticker", "market": "BTC-1231", "type": "update", "data": {"bid": 32820.0, "ask": 32828.0, "bidSize": 0.26, "askSize": 0.0003, "last": 32820.0, "time": 1626993909.7889864}}
1626993909.812196: {"channel": "orderbook", "market": "BTC-1231", "type": "update", "data": {"time": 1626993909.7889864, "checksum": 3155164345, "bids": [], "asks": [], "action": "update"}}
1626993909.886241: {"channel": "ticker", "market": "MKR-PERP", "type": "update", "data": {"bid": 2414.5, "ask": 2416.0, "bidSize": 0.617, "askSize": 0.389, "last": 2413.0, "time": 1626993909.8582323}}
1626993909.886336: {"channel": "orderbook", "market": "MKR-PERP", "type": "update", "data": {"time": 1626993909.8582323, "checksum": 3980795229, "bids": [], "asks": [[2416.0, 0.389]], "action": "update"}}
1626993909.8864121: {"channel": "ticker", "market": "FLOW-PERP", "type": "update", "data": {"bid": 16.42, "ask": 16.425, "bidSize": 3.88, "askSize": 356.8, "last": 16.42, "time": 1626993909.862124}}
1626993909.886455: {"channel": "orderbook", "market": "FLOW-PERP", "type": "update", "data": {"time": 1626993909.862124, "checksum": 1229357867, "bids": [[16.35, 0.0], [14.38, 0.32]], "asks": [], "action": "update"}}
1626993910.103887: {"channel": "ticker", "market": "BNBBEAR/USDT", "type": "update", "data": {"bid": 1.3e-07, "ask": 1.4e-07, "bidSize": 99000000.0, "askSize": 594000000.0, "last": 1.2e-07, "time": 1626993910.0792694}}
1626993910.1039848: {"channel": "orderbook", "market": "BNBBEAR/USDT", "type": "update", "data": {"time": 1626993910.0792694, "checksum": 884149509, "bids": [], "asks": [], "action": "update"}}
1626993910.104039: {"channel": "ticker", "market": "FLOW-PERP", "type": "update", "data": {"bid": 16.42, "ask": 16.425, "bidSize": 3.88, "askSize": 356.8, "last": 16.42, "time": 1626993910.0794775}}
1626993910.104104: {"channel": "orderbook", "market": "FLOW-PERP", "type": "update", "data": {"time": 1626993910.0794775, "checksum": 3954965117, "bids": [[16.415, 233.0], [14.38, 0.0]], "asks": [], "action": "update"}}
1626993910.1128268: {"channel": "ticker", "market": "KNCBULL/USDT", "type": "update", "data": {"bid": 0.4536, "ask": 0.4646, "bidSize": 1051.1, "askSize": 0.1, "last": 0.4615, "time": 1626993910.0829778}}
1626993910.112929: {"channel": "orderbook", "market": "KNCBULL/USDT", "type": "update", "data": {"time": 1626993910.0829778, "checksum": 4188723151, "bids": [], "asks": [], "action": "update"}}
1626993910.1943429: {"channel": "ticker", "market": "BB-0924", "type": "update", "data": {"bid": 10.3575, "ask": 10.4375, "bidSize": 3.7, "askSize": 4.7, "last": 10.38, "time": 1626993910.171478}}
1626993910.19441: {"channel": "orderbook", "market": "BB-0924", "type": "update", "data": {"time": 1626993910.171478, "checksum": 3017106946, "bids": [], "asks": [], "action": "update"}}
