wss://ftxtr.com/ws/ <-> 1651237297.0322857
wss://ftxtr.com/ws/ <- 1651237298.094035: {"channel":"trades","market":"USD/TRY","op":"subscribe"}
wss://ftxtr.com/ws/ <- 1651237298.0941727: {"channel":"trades","market":"ETH/USD","op":"subscribe"}
wss://ftxtr.com/ws/ <- 1651237298.0942233: {"channel":"trades","market":"DAI/USD","op":"subscribe"}
wss://ftxtr.com/ws/ <- 1651237298.094257: {"channel":"trades","market":"FTT/BTC","op":"subscribe"}
wss://ftxtr.com/ws/ <- 1651237298.0942888: {"channel":"trades","market":"ETH/USDT","op":"subscribe"}
wss://ftxtr.com/ws/ <- 1651237298.0943193: {"channel":"trades","market":"LTC/USDT","op":"subscribe"}
wss://ftxtr.com/ws/ <- 1651237298.0943496: {"channel":"trades","market":"SHIB/USD","op":"subscribe"}
wss://ftxtr.com/ws/ <- 1651237298.0943818: {"channel":"trades","market":"SOL/USD","op":"subscribe"}
wss://ftxtr.com/ws/ <- 1651237298.0944142: {"channel":"trades","market":"WBTC/USD","op":"subscribe"}
wss://ftxtr.com/ws/ <- 1651237298.0944438: {"channel":"trades","market":"BTC/TRY","op":"subscribe"}
wss://ftxtr.com/ws/ <- 1651237298.0944762: {"channel":"orderbook","market":"USD/TRY","op":"subscribe"}
wss://ftxtr.com/ws/ <- 1651237298.0945063: {"channel":"orderbook","market":"ETH/USD","op":"subscribe"}
wss://ftxtr.com/ws/ <- 1651237298.0945346: {"channel":"orderbook","market":"DAI/USD","op":"subscribe"}
wss://ftxtr.com/ws/ <- 1651237298.0945625: {"channel":"orderbook","market":"FTT/BTC","op":"subscribe"}
wss://ftxtr.com/ws/ <- 1651237298.0945904: {"channel":"orderbook","market":"ETH/USDT","op":"subscribe"}
wss://ftxtr.com/ws/ <- 1651237298.094618: {"channel":"orderbook","market":"LTC/USDT","op":"subscribe"}
wss://ftxtr.com/ws/ <- 1651237298.0946455: {"channel":"orderbook","market":"SHIB/USD","op":"subscribe"}
wss://ftxtr.com/ws/ <- 1651237298.094673: {"channel":"orderbook","market":"SOL/USD","op":"subscribe"}
wss://ftxtr.com/ws/ <- 1651237298.0947006: {"channel":"orderbook","market":"WBTC/USD","op":"subscribe"}
wss://ftxtr.com/ws/ <- 1651237298.0947278: {"channel":"orderbook","market":"BTC/TRY","op":"subscribe"}
wss://ftxtr.com/ws/ <- 1651237298.094758: {"channel":"ticker","market":"USD/TRY","op":"subscribe"}
wss://ftxtr.com/ws/ <- 1651237298.0947866: {"channel":"ticker","market":"ETH/USD","op":"subscribe"}
wss://ftxtr.com/ws/ <- 1651237298.094814: {"channel":"ticker","market":"DAI/USD","op":"subscribe"}
wss://ftxtr.com/ws/ <- 1651237298.094841: {"channel":"ticker","market":"FTT/BTC","op":"subscribe"}
wss://ftxtr.com/ws/ <- 1651237298.0948687: {"channel":"ticker","market":"ETH/USDT","op":"subscribe"}
wss://ftxtr.com/ws/ <- 1651237298.0948966: {"channel":"ticker","market":"LTC/USDT","op":"subscribe"}
wss://ftxtr.com/ws/ <- 1651237298.0949233: {"channel":"ticker","market":"SHIB/USD","op":"subscribe"}
wss://ftxtr.com/ws/ <- 1651237298.0949502: {"channel":"ticker","market":"SOL/USD","op":"subscribe"}
wss://ftxtr.com/ws/ <- 1651237298.0949774: {"channel":"ticker","market":"WBTC/USD","op":"subscribe"}
wss://ftxtr.com/ws/ <- 1651237298.0950043: {"channel":"ticker","market":"BTC/TRY","op":"subscribe"}
1651237298.3589337: {"type":"subscribed","channel":"trades","market":"USD/TRY"}
1651237298.3589637: {"type":"subscribed","channel":"trades","market":"ETH/USD"}
1651237298.3589706: {"type":"subscribed","channel":"trades","market":"DAI/USD"}
1651237298.3721185: {"type":"subscribed","channel":"trades","market":"FTT/BTC"}
1651237298.3721433: {"type":"subscribed","channel":"trades","market":"ETH/USDT"}
1651237298.3842177: {"type":"subscribed","channel":"trades","market":"LTC/USDT"}
1651237298.384237: {"type":"subscribed","channel":"trades","market":"SHIB/USD"}
1651237298.3933887: {"channel":"trades","market":"ETH/USD","type":"update","data":[{"id":3851103424,"price":2861.6,"size":0.007,"side":"buy","liquidation":false,"time":"2022-04-29T13:01:38.252748+00:00"}]}
1651237298.399804: {"type":"subscribed","channel":"trades","market":"SOL/USD"}
1651237298.4086301: {"type":"subscribed","channel":"trades","market":"WBTC/USD"}
1651237298.4307885: {"type":"subscribed","channel":"trades","market":"BTC/TRY"}
1651237298.5956185: {"type":"subscribed","channel":"orderbook","market":"USD/TRY"}
1651237298.5956542: {"type":"subscribed","channel":"orderbook","market":"ETH/USD"}
1651237298.5956633: {"type":"subscribed","channel":"orderbook","market":"DAI/USD"}
1651237298.5956707: {"type":"subscribed","channel":"orderbook","market":"FTT/BTC"}
1651237298.5956776: {"type":"subscribed","channel":"orderbook","market":"ETH/USDT"}
1651237298.5956848: {"type":"subscribed","channel":"orderbook","market":"LTC/USDT"}
1651237298.5956914: {"type":"subscribed","channel":"orderbook","market":"SHIB/USD"}
1651237298.5956984: {"type":"subscribed","channel":"orderbook","market":"SOL/USD"}
1651237298.595705: {"type":"subscribed","channel":"orderbook","market":"WBTC/USD"}
1651237298.595712: {"type":"subscribed","channel":"orderbook","market":"BTC/TRY"}
1651237298.5957189: {"type":"subscribed","channel":"ticker","market":"USD/TRY"}
1651237298.595727: {"type":"subscribed","channel":"ticker","market":"ETH/USD"}
1651237298.5957336: {"channel":"ticker","market":"ETH/USD","type":"update","data":{"bid":2861.7,"ask":2861.8,"bidSize":24.768,"askSize":0.004,"last":2861.6,"time":1651237298.3807747}}
1651237298.5957747: {"channel":"orderbook","market":"ETH/USD","type":"partial","data":{"time":1651237298.3807747,"checksum":1804045357,"bids":[[2861.7,24.768],[2861.6,8.744],[2861.5,19.343],[2861.2,3.493],[2861.1,27.342],[2861.0,6.13],[2860.9,6.794],[2860.8,34.707],[2860.7,7.389],[2860.6,9.977],[2860.4,20.011],[2860.3,18.701],[2860.2,6.399],[2860.1,15.779],[2860.0,5.877],[2859.9,21.343],[2859.8,5.056],[2859.7,2.041],[2859.4,12.071],[2859.2,20.66],[2859.1,127.675],[2859.0,0.174],[2858.9,4.37],[2858.8,0.523],[2858.5,0.007],[2858.4,2.122],[2858.3,2.978],[2858.1,0.018],[2858.0,4.833],[2857.6,0.374],[2857.4,1.86],[2857.2,1.577],[2857.1,1.671],[2857.0,0.012],[2856.9,0.005],[2856.8,0.758],[2856.7,0.035],[2856.6,5.258],[2856.5,0.015],[2856.3,5.284],[2856.2,0.176],[2856.1,0.541],[2856.0,6.148],[2855.9,0.062],[2855.8,7.017],[2855.7,10.93],[2855.6,3.016],[2855.5,2.635],[2855.4,0.36],[2855.3,1.948],[2855.2,7.037],[2855.1,0.014],[2855.0,0.172],[2854.9,153.883],[2854.8,0.575],[2854.7,4.2],[2854.6,0.001],[2854.5,0.221],[2854.4,6.107],[2854.3,0.489],[2854.2,7.506],[2854.1,0.013],[2854.0,11.005],[2853.9,0.101],[2853.8,0.22],[2853.7,0.023],[2853.6,4.011],[2853.3,0.06],[2853.2,0.001],[2853.1,0.103],[2853.0,0.011],[2852.9,0.279],[2852.8,4.0],[2852.7,0.116],[2852.6,0.007],[2852.5,0.01],[2852.3,0.011],[2852.2,0.001],[2852.1,0.001],[2852.0,6.157],[2851.9,0.001],[2851.8,0.529],[2851.7,0.043],[2851.6,0.202],[2851.5,0.089],[2851.4,0.023],[2851.1,0.384],[2851.0,0.016],[2850.8,0.002],[2850.7,0.083],[2850.6,0.325],[2850.5,0.013],[2850.4,512.3],[2850.3,0.007],[2850.2,0.13],[2850.1,5.654],[2850.0,2.702],[2849.9,701.833],[2849.8,0.032],[2849.7,0.01]],"asks":[[2861.8,0.004],[2861.9,0.002],[2862.0,6.76],[2862.1,0.001],[2862.2,14.194],[2862.3,0.002],[2862.4,0.349],[2862.5,1.179],[2862.6,4.381],[2862.7,17.155],[2862.8,9.161],[2863.0,4.534],[2863.1,36.926],[2863.2,23.143],[2863.3,14.526],[2863.4,1.661],[2863.5,0.007],[2863.7,0.524],[2863.8,7.539],[2863.9,30.107],[2864.0,38.776],[2864.1,4.371],[2864.2,0.002],[2864.4,0.874],[2864.5,1.575],[2864.6,0.31],[2864.7,9.136],[2864.8,36.513],[2864.9,180.23],[2865.0,0.003],[2865.1,1.745],[2865.2,2.286],[2865.3,0.021],[2865.4,3.117],[2865.5,7.503],[2865.6,4.052],[2865.7,10.924],[2865.8,0.001],[2865.9,0.02],[2866.0,2.204],[2866.1,0.001],[2866.3,0.202],[2866.4,4.275],[2866.5,0.06],[2866.6,0.747],[2866.7,585.252],[2866.8,0.001],[2866.9,0.281],[2867.0,0.01],[2867.1,2.172],[2867.2,4.198],[2867.3,0.006],[2867.4,0.03],[2867.6,6.993],[2867.7,0.001],[2868.0,9.475],[2868.1,0.003],[2868.2,3.036],[2868.3,0.006],[2868.5,0.001],[2868.7,0.156],[2868.8,4.0],[2868.9,0.002],[2869.0,0.184],[2869.1,0.001],[2869.2,0.202],[2869.3,4.0],[2869.4,2.337],[2869.5,0.001],[2869.6,37.372],[2869.9,0.024],[2870.0,2.113],[2870.4,4.034],[2870.6,0.001],[2870.8,0.001],[2871.0,0.003],[2871.1,0.001],[2871.2,4.0],[2871.3,0.124],[2871.4,28.977],[2871.5,0.01],[2871.7,0.028],[2871.8,0.084],[2872.0,10.59],[2872.1,0.202],[2872.3,0.051],[2872.6,0.005],[2872.7,0.001],[2872.8,4.022],[2872.9,0.003],[2873.1,0.003],[2873.4,0.236],[2873.5,0.015],[2873.6,4.007],[2873.7,0.001],[2873.9,0.001],[2874.0,2.281],[2874.1,472.803],[2874.2,0.146],[2874.3,0.235]],"action":"partial"}}
1651237298.5963912: {"type":"subscribed","channel":"ticker","market":"DAI/USD"}
1651237298.5964046: {"type":"subscribed","channel":"ticker","market":"FTT/BTC"}
1651237298.5964124: {"channel":"ticker","market":"USD/TRY","type":"update","data":{"bid":14.9131,"ask":14.9272,"bidSize":750.0,"askSize":9542.0,"last":14.913,"time":1651237298.4051785}}
1651237298.6010756: {"channel":"trades","market":"SOL/USD","type":"update","data":[{"id":3851103429,"price":95.925,"size":2.7,"side":"buy","liquidation":false,"time":"2022-04-29T13:01:38.405571+00:00"}]}
1651237298.6011102: {"type":"subscribed","channel":"ticker","market":"ETH/USDT"}
1651237298.6011183: {"channel":"ticker","market":"ETH/USD","type":"update","data":{"bid":2861.7,"ask":2861.8,"bidSize":24.768,"askSize":0.004,"last":2861.6,"time":1651237298.406557}}
1651237298.6011329: {"channel":"orderbook","market":"ETH/USD","type":"update","data":{"time":1651237298.406557,"checksum":2589859504,"bids":[[2861.2,10.332],[2860.5,16.405],[2859.8,8.181],[2849.7,0.0]],"asks":[[2862.5,0.83],[2863.1,33.431],[2865.5,7.851]],"action":"update"}}
1651237298.601172: {"type":"subscribed","channel":"ticker","market":"LTC/USDT"}
1651237298.6011784: {"type":"subscribed","channel":"ticker","market":"SHIB/USD"}
1651237298.6011844: {"channel":"ticker","market":"ETH/USD","type":"update","data":{"bid":2861.7,"ask":2861.8,"bidSize":24.768,"askSize":0.004,"last":2861.6,"time":1651237298.4311998}}
1651237298.6011958: {"channel":"orderbook","market":"ETH/USD","type":"update","data":{"time":1651237298.4311998,"checksum":1021764896,"bids":[[2860.9,6.752],[2858.5,1.756]],"asks":[[2862.7,18.455],[2864.9,179.215],[2865.5,7.503]],"action":"update"}}
1651237298.601218: {"type":"subscribed","channel":"ticker","market":"SOL/USD"}
1651237298.601224: {"type":"subscribed","channel":"ticker","market":"WBTC/USD"}
1651237298.6012285: {"type":"subscribed","channel":"ticker","market":"BTC/TRY"}
1651237298.6012332: {"channel":"ticker","market":"SOL/USD","type":"update","data":{"bid":95.915,"ask":95.925,"bidSize":91.0,"askSize":52.3,"last":95.925,"time":1651237298.45002}}
1651237298.601244: {"channel":"ticker","market":"ETH/USDT","type":"update","data":{"bid":2861.9,"ask":2862.0,"bidSize":4.05,"askSize":2.061,"last":2861.5,"time":1651237298.4636369}}
1651237298.607102: {"channel":"ticker","market":"SOL/USD","type":"update","data":{"bid":95.915,"ask":95.925,"bidSize":91.0,"askSize":52.3,"last":95.925,"time":1651237298.4790761}}
1651237298.6232862: {"channel":"ticker","market":"FTT/BTC","type":"update","data":{"bid":0.0010089,"ask":0.0010095,"bidSize":13.5,"askSize":13.5,"last":0.0010091,"time":1651237298.492442}}
1651237298.6235209: {"channel":"orderbook","market":"FTT/BTC","type":"partial","data":{"time":1651237298.492442,"checksum":4243567543,"bids":[[0.0010089,13.5],[0.0010088,2.7],[0.0010087,7.7],[0.0010086,29.2],[0.0010085,116.2],[0.0010084,16.3],[0.0010083,35.2],[0.0010082,271.3],[0.0010081,1.5],[0.001008,3.8],[0.0010079,13.3],[0.0010078,0.8],[0.0010077,1.0],[0.0010076,25.6],[0.0010075,66.5],[0.0010074,4.7],[0.0010073,76.4],[0.0010072,15.6],[0.0010071,0.7],[0.0010069,6192.0],[0.0010068,0.1],[0.0010066,0.1],[0.0010064,4.8],[0.0010063,0.4],[0.0010062,0.4],[0.0010061,0.1],[0.0010059,1.1],[0.0010058,257.2],[0.0010057,0.1],[0.0010056,0.8],[0.0010055,0.3],[0.0010054,4.8],[0.0010053,0.1],[0.0010052,0.1],[0.0010051,0.2],[0.0010049,689.7],[0.0010048,0.3],[0.0010045,1.5],[0.0010044,1364.3],[0.0010041,1.0],[0.001004,1.4],[0.0010036,8.4],[0.0010035,0.1],[0.0010034,4.8],[0.0010033,0.8],[0.0010031,0.3],[0.001003,4.2],[0.0010029,2.0],[0.0010028,2792.3],[0.0010027,123.2],[0.0010026,1.6],[0.0010025,2276.6],[0.0010024,9.6],[0.0010022,0.8],[0.0010021,0.1],[0.001002,0.5],[0.0010019,0.9],[0.0010018,0.7],[0.0010017,6.2],[0.0010016,0.2],[0.0010015,0.1],[0.0010014,1.8],[0.0010013,4.9],[0.0010012,0.3],[0.0010011,789.0],[0.001001,21.0],[0.0010008,0.4],[0.0010007,0.2],[0.0010005,10.6],[0.0010004,0.1],[0.0010003,5.1],[0.0010001,1941.8],[0.001,610.6],[0.0009999,0.1],[0.0009995,0.4],[0.0009993,22.7],[0.0009992,13.2],[0.0009991,3389.1],[0.000999,50.9],[0.0009989,0.3],[0.0009987,0.8],[0.0009986,0.8],[0.0009983,5.0],[0.0009981,8.4],[0.000998,4.0],[0.0009979,1.6],[0.0009978,0.3],[0.0009977,4.0],[0.0009976,0.8],[0.0009975,0.1],[0.0009974,5.6],[0.0009973,0.1],[0.0009972,0.7],[0.0009971,1.4],[0.000997,2.0],[0.0009969,1.3],[0.0009968,0.2],[0.0009967,3354.4],[0.0009965,1.7],[0.0009964,8.8]],"asks":[[0.0010095,13.5],[0.0010096,1.7],[0.0010097,15.6],[0.0010098,8.5],[0.0010099,30.7],[0.00101,66.5],[0.0010102,0.1],[0.0010103,1.3],[0.0010104,4.7],[0.0010107,13.3],[0.0010108,56.8],[0.0010109,329.7],[0.0010111,0.4],[0.0010112,0.5],[0.0010114,6.5],[0.0010117,2.4],[0.001012,3978.2],[0.0010122,0.1],[0.0010124,5.6],[0.0010125,0.3],[0.0010126,0.3],[0.001013,0.2],[0.0010132,0.2],[0.0010134,4.9],[0.0010135,0.4],[0.0010136,1210.9],[0.0010138,0.4],[0.001014,0.4],[0.0010141,0.2],[0.0010142,0.1],[0.0010145,13.1],[0.0010147,2.8],[0.0010148,1.1],[0.0010151,0.3],[0.0010152,82.4],[0.0010153,1.0],[0.0010154,0.2],[0.0010155,4.7],[0.0010156,0.1],[0.0010158,35.6],[0.001016,0.1],[0.0010161,0.1],[0.0010163,0.8],[0.0010165,5.0],[0.0010167,0.3],[0.0010168,0.2],[0.001017,0.8],[0.0010171,0.6],[0.0010172,0.1],[0.0010173,690.8],[0.0010175,4.9],[0.0010176,2.2],[0.0010177,0.1],[0.0010178,0.3],[0.0010179,0.3],[0.001018,2471.4],[0.0010181,2.3],[0.0010182,33.8],[0.0010183,0.6],[0.0010184,1.3],[0.0010185,4.7],[0.0010186,708.4],[0.0010187,0.1],[0.001019,0.4],[0.0010191,1.1],[0.0010192,0.8],[0.0010193,2.3],[0.0010194,0.3],[0.0010195,5.0],[0.0010196,0.1],[0.0010197,0.2],[0.0010198,0.2],[0.00102,8.7],[0.0010201,0.1],[0.0010202,1883.5],[0.0010204,1.2],[0.0010205,2.3],[0.0010206,4.7],[0.0010207,30.0],[0.0010208,0.8],[0.001021,1.1],[0.0010213,50.9],[0.0010214,0.2],[0.0010215,0.8],[0.0010216,4.9],[0.0010218,0.4],[0.001022,1.2],[0.0010221,0.2],[0.0010222,0.5],[0.0010223,3326.3],[0.0010224,0.2],[0.0010225,737.3],[0.0010226,5.4],[0.0010228,2.1],[0.0010231,30.3],[0.0010232,0.1],[0.0010233,4.1],[0.0010234,0.1],[0.0010235,2.3],[0.0010238,0.8]],"action":"partial"}}
1651237298.629618: {"channel":"ticker","market":"SOL/USD","type":"update","data":{"bid":95.915,"ask":95.925,"bidSize":91.0,"askSize":52.3,"last":95.925,"time":1651237298.5028315}}
1651237298.6361833: {"channel":"ticker","market":"ETH/USD","type":"update","data":{"bid":2861.7,"ask":2861.8,"bidSize":24.768,"askSize":0.004,"last":2861.6,"time":1651237298.4917784}}
1651237298.6362274: {"channel":"orderbook","market":"ETH/USD","type":"update","data":{"time":1651237298.4917784,"checksum":1263556708,"bids":[[2861.1,27.384],[2854.4,4.051]],"asks":[[2873.1,0.002]],"action":"update"}}
1651237298.64383: {"channel":"ticker","market":"ETH/USD","type":"update","data":{"bid":2861.7,"ask":2861.8,"bidSize":24.768,"askSize":0.004,"last":2861.6,"time":1651237298.5170043}}
1651237298.6438549: {"channel":"orderbook","market":"ETH/USD","type":"update","data":{"time":1651237298.5170043,"checksum":1842304219,"bids":[],"asks":[[2863.5,0.356],[2869.4,0.0],[2874.4,4.004]],"action":"update"}}
1651237298.662456: {"channel":"ticker","market":"ETH/USDT","type":"update","data":{"bid":2861.9,"ask":2862.0,"bidSize":4.05,"askSize":2.061,"last":2861.5,"time":1651237298.5338633}}
1651237298.6689773: {"channel":"ticker","market":"BTC/TRY","type":"update","data":{"bid":580057.0,"ask":581678.0,"bidSize":1.831936,"askSize":2.174938,"last":580500.0,"time":1651237298.5367668}}
1651237298.669025: {"channel":"orderbook","market":"BTC/TRY","type":"partial","data":{"time":1651237298.5367668,"checksum":1840591949,"bids":[[580057.0,1.831936],[578134.0,2.266685],[577606.0,2.754282],[577202.0,3.712343],[576603.0,4.558157],[576462.0,3.567797],[573402.0,4.948742],[573310.0,5.76669],[568001.0,0.058062],[554189.0,0.000676],[553386.0,0.972219],[544904.0,1.711326],[537184.0,1.806238],[487088.0,0.003093]],"asks":[[581678.0,2.174938],[583043.0,2.521892],[583339.0,3.538207],[584690.0,3.926051],[587097.0,3.205426],[588056.0,3.989853],[590433.0,5.811851],[592153.0,4.801843],[593142.0,0.005324],[594000.0,0.006869],[596126.0,0.005325],[599000.0,0.003367],[602671.0,0.01916],[606047.0,4.978201],[607500.0,0.01047],[616366.0,6.48147],[621059.0,0.000331],[629348.0,11.459434]],"action":"partial"}}
1651237298.6754997: {"channel":"ticker","market":"SOL/USD","type":"update","data":{"bid":95.915,"ask":95.925,"bidSize":91.0,"askSize":52.3,"last":95.925,"time":1651237298.5500352}}
1651237298.6930647: {"channel":"ticker","market":"ETH/USDT","type":"update","data":{"bid":2861.9,"ask":2862.0,"bidSize":4.05,"askSize":2.061,"last":2861.5,"time":1651237298.5646095}}
1651237298.6985214: {"channel":"ticker","market":"ETH/USD","type":"update","data":{"bid":2861.7,"ask":2861.8,"bidSize":22.131,"askSize":0.004,"last":2861.6,"time":1651237298.566552}}
1651237298.829649: {"channel":"orderbook","market":"ETH/USD","type":"update","data":{"time":1651237298.566552,"checksum":1479773264,"bids":[[2861.7,22.131],[2856.8,4.758]],"asks":[],"action":"update"}}
1651237298.8297272: {"channel":"ticker","market":"LTC/USDT","type":"update","data":{"bid":100.62,"ask":100.625,"bidSize":116.14,"askSize":7.62,"last":100.625,"time":1651237298.581502}}
1651237298.8297493: {"channel":"ticker","market":"ETH/USDT","type":"update","data":{"bid":2861.9,"ask":2862.0,"bidSize":4.05,"askSize":2.061,"last":2861.5,"time":1651237298.582969}}
1651237298.8297641: {"channel":"ticker","market":"ETH/USD","type":"update","data":{"bid":2861.7,"ask":2861.8,"bidSize":22.104,"askSize":0.004,"last":2861.7,"time":1651237298.605835}}
1651237298.8297772: {"channel":"trades","market":"ETH/USD","type":"update","data":[{"id":3851103446,"price":2861.7,"size":0.027,"side":"sell","liquidation":false,"time":"2022-04-29T13:01:38.601705+00:00"}]}
1651237298.829805: {"channel":"orderbook","market":"ETH/USD","type":"update","data":{"time":1651237298.605835,"checksum":775051117,"bids":[[2861.7,22.104],[2856.3,4.284],[2855.8,10.052]],"asks":[[2862.6,4.73],[2865.6,4.4]],"action":"update"}}
1651237298.8298368: {"channel":"ticker","market":"ETH/USDT","type":"update","data":{"bid":2861.9,"ask":2862.0,"bidSize":4.05,"askSize":2.061,"last":2861.5,"time":1651237298.6103275}}
1651237298.8298535: {"channel":"orderbook","market":"ETH/USDT","type":"partial","data":{"time":1651237298.6103275,"checksum":1990313821,"bids":[[2861.9,4.05],[2861.7,5.87],[2861.6,13.45],[2861.5,12.882],[2861.4,11.9],[2861.2,6.843],[2861.1,0.184],[2860.8,19.634],[2860.6,6.917],[2860.5,11.447],[2860.4,9.969],[2860.3,2.386],[2860.2,5.0],[2860.0,1.979],[2859.7,0.175],[2859.6,11.363],[2859.5,28.6],[2859.4,5.0],[2859.3,0.807],[2859.1,5.0],[2859.0,0.011],[2858.6,11.793],[2858.5,157.797],[2858.4,0.526],[2858.3,2.354],[2858.2,2.162],[2858.0,2.306],[2857.7,5.0],[2857.6,0.365],[2857.5,4.967],[2857.4,5.0],[2857.1,0.002],[2857.0,0.038],[2856.9,0.003],[2856.8,0.75],[2856.7,0.015],[2856.5,0.333],[2856.4,1.852],[2856.3,5.207],[2856.1,0.054],[2856.0,12.961],[2855.9,0.003],[2855.8,0.918],[2855.7,0.731],[2855.5,1.49],[2855.4,7.068],[2855.0,0.103],[2854.8,1.706],[2854.4,2.363],[2854.2,0.023],[2854.0,1.948],[2853.9,0.1],[2853.7,0.001],[2853.0,0.056],[2852.7,0.011],[2852.6,0.001],[2852.5,0.021],[2852.2,15.666],[2852.1,0.001],[2852.0,2.172],[2851.9,0.001],[2851.7,0.002],[2851.5,0.116],[2851.4,0.003],[2851.3,0.011],[2851.0,483.224],[2850.5,0.001],[2850.3,0.034],[2850.1,0.013],[2850.0,2.345],[2849.5,0.035],[2849.3,0.019],[2849.1,68.276],[2849.0,610.841],[2848.3,0.002],[2848.0,2.093],[2847.9,0.048],[2847.5,0.02],[2847.4,0.001],[2847.0,0.003],[2846.9,0.005],[2846.6,0.009],[2846.3,0.059],[2846.2,0.054],[2846.0,92.245],[2845.5,1.0],[2845.4,0.013],[2845.3,0.001],[2845.0,0.022],[2844.9,0.003],[2844.7,0.006],[2844.4,0.004],[2844.2,692.689],[2844.1,0.005],[2844.0,2.126],[2843.5,0.019],[2843.4,1.166],[2843.3,0.022],[2843.0,0.016],[2842.8,0.01]],"asks":[[2862.0,2.061],[2862.3,2.543],[2862.5,4.077],[2862.6,11.445],[2862.7,11.309],[2862.8,1.747],[2862.9,3.495],[2863.0,0.347],[2863.2,9.978],[2863.3,0.175],[2863.4,0.365],[2863.5,0.729],[2863.7,1.248],[2863.8,19.835],[2863.9,2.354],[2864.0,2.335],[2864.4,4.37],[2864.7,0.055],[2864.8,136.435],[2865.0,0.056],[2865.4,11.91],[2865.6,6.993],[2865.9,15.698],[2866.0,2.149],[2866.3,10.924],[2866.5,15.267],[2866.6,1.45],[2867.0,0.028],[2867.5,0.01],[2867.7,0.438],[2868.0,2.211],[2868.3,0.018],[2868.7,0.001],[2869.0,0.028],[2869.9,0.042],[2870.0,35.399],[2870.2,0.004],[2870.4,497.404],[2870.5,0.009],[2871.0,0.029],[2871.9,0.001],[2872.0,1.942],[2872.5,1.947],[2872.6,0.01],[2873.0,0.03],[2873.7,1.166],[2874.0,1.995],[2874.3,0.001],[2874.5,0.078],[2874.7,0.009],[2875.0,0.049],[2875.1,0.001],[2875.3,667.127],[2875.6,0.15],[2876.0,2.079],[2876.2,0.014],[2876.3,0.038],[2876.4,0.009],[2876.5,46.836],[2876.6,783.807],[2876.8,0.003],[2876.9,0.056],[2877.0,0.032],[2877.1,0.006],[2877.2,0.01],[2877.3,0.005],[2877.5,0.054],[2877.9,0.056],[2878.0,2.129],[2878.6,0.15],[2878.9,0.002],[2879.0,0.034],[2879.1,1.705],[2879.3,0.016],[2879.4,0.005],[2879.5,0.01],[2879.6,0.003],[2879.7,0.003],[2879.8,0.399],[2879.9,0.002],[2880.0,2.422],[2880.1,0.003],[2880.2,0.004],[2880.5,0.009],[2880.9,0.024],[2881.0,1.767],[2881.2,0.019],[2881.4,58.5],[2881.6,0.177],[2881.8,0.004],[2882.0,0.049],[2882.1,0.011],[2882.2,0.011],[2882.4,0.035],[2882.5,0.01],[2882.6,0.1],[2882.9,0.015],[2883.0,0.029],[2883.1,0.3],[2883.5,0.032]],"action":"partial"}}
1651237298.830256: {"channel":"ticker","market":"ETH/USD","type":"update","data":{"bid":2861.7,"ask":2861.8,"bidSize":22.104,"askSize":0.004,"last":2861.7,"time":1651237298.629846}}
1651237298.8302734: {"channel":"orderbook","market":"ETH/USD","type":"update","data":{"time":1651237298.629846,"checksum":1918699918,"bids":[],"asks":[[2865.0,0.038]],"action":"update"}}
1651237298.8302963: {"channel":"ticker","market":"LTC/USDT","type":"update","data":{"bid":100.62,"ask":100.625,"bidSize":116.14,"askSize":7.62,"last":100.625,"time":1651237298.6322842}}
1651237298.8303108: {"channel":"ticker","market":"ETH/USDT","type":"update","data":{"bid":2861.9,"ask":2862.0,"bidSize":4.05,"askSize":2.061,"last":2861.5,"time":1651237298.6402538}}
1651237298.8303237: {"channel":"orderbook","market":"ETH/USDT","type":"update","data":{"time":1651237298.6402538,"checksum":2695640017,"bids":[[2860.4,5.96]],"asks":[],"action":"update"}}
1651237298.8303456: {"channel":"ticker","market":"SOL/USD","type":"update","data":{"bid":95.915,"ask":95.925,"bidSize":91.0,"askSize":52.3,"last":95.925,"time":1651237298.6504118}}
1651237298.8303597: {"channel":"ticker","market":"ETH/USD","type":"update","data":{"bid":2861.7,"ask":2861.8,"bidSize":22.104,"askSize":0.004,"last":2861.7,"time":1651237298.656622}}
1651237298.8303733: {"channel":"orderbook","market":"ETH/USD","type":"update","data":{"time":1651237298.656622,"checksum":2140873851,"bids":[[2858.1,0.011]],"asks":[[2864.1,6.412],[2865.6,4.052]],"action":"update"}}
1651237298.8303943: {"channel":"ticker","market":"SOL/USD","type":"update","data":{"bid":95.915,"ask":95.925,"bidSize":91.0,"askSize":45.47,"last":95.925,"time":1651237298.6743174}}
1651237298.8304076: {"channel":"trades","market":"SOL/USD","type":"update","data":[{"id":3851103449,"price":95.925,"size":6.83,"side":"buy","liquidation":false,"time":"2022-04-29T13:01:38.672099+00:00"}]}
1651237298.8304238: {"channel":"ticker","market":"WBTC/USD","type":"update","data":{"bid":38943.0,"ask":38982.0,"bidSize":0.0002,"askSize":0.1081,"last":38970.0,"time":1651237298.6662374}}
1651237298.8304377: {"channel":"orderbook","market":"WBTC/USD","type":"partial","data":{"time":1651237298.6662374,"checksum":2222418553,"bids":[[38943.0,0.0002],[38925.0,0.0193],[38920.0,0.0001],[38900.0,0.1114],[38899.0,0.0107],[38894.0,0.0771],[38879.0,0.0292],[38878.0,11.9535],[38846.0,0.007],[38815.0,0.0016],[38814.0,14.8212],[38809.0,0.0001],[38794.0,0.2569],[38779.0,23.8632],[38709.0,0.0148],[38708.0,20.2315],[38703.0,23.5473],[38699.0,0.0001],[38691.0,37.0203],[38665.0,42.8447],[38630.0,32.0292],[38625.0,34.4586],[38606.0,0.0005],[38603.0,0.0008],[38600.0,0.5],[38597.0,0.0803],[38596.0,35.1158],[38588.0,0.0001],[38551.0,43.7684],[38510.0,32.0236],[38500.0,0.5],[38478.0,0.0001],[38402.0,0.0008],[38400.0,0.7603],[38397.0,0.0133],[38368.0,0.0001],[38300.0,0.261],[38264.0,0.0002],[38257.0,0.0001],[38201.0,0.0009],[38200.0,0.2617],[38147.0,0.0001],[38100.0,0.2624],[38050.0,0.0001],[38036.0,0.0001],[38000.0,0.264],[37926.0,0.0001],[37900.0,0.2638],[37815.0,0.0001],[37801.0,0.0005],[37800.0,0.2645],[37799.0,0.001],[37705.0,0.0001],[37700.0,0.2652],[37600.0,0.2659],[37598.0,0.001],[37594.0,0.0001],[37552.0,0.0002],[37507.0,0.0005],[37500.0,0.2666],[37484.0,0.0001],[37400.0,0.2673],[37397.0,0.0011],[37374.0,0.0001],[37353.0,0.0009],[37300.0,0.268],[37263.0,0.0001],[37200.0,0.2687],[37196.0,0.0011],[37153.0,0.0001],[37100.0,0.2695],[37042.0,0.0001],[37026.0,0.0017],[37000.0,0.27],[36996.0,0.0036],[36995.0,0.0018],[36973.0,0.0017],[36932.0,0.0001],[36841.0,0.0002],[36821.0,0.0001],[36793.0,0.0012],[36711.0,0.0001],[36667.0,0.0017],[36600.0,0.0001],[36592.0,0.0013],[36490.0,0.0001],[36400.0,2.83],[36391.0,0.0013],[36379.0,0.0001],[36269.0,0.0001],[36190.0,0.0014],[36159.0,0.0001],[36048.0,0.0001],[35989.0,0.0015],[35938.0,0.0001],[35827.0,0.0001],[35788.0,0.0016],[35766.0,0.0017],[35717.0,0.0019],[35606.0,0.0001]],"asks":[[38982.0,0.1081],[39008.0,9.2309],[39028.0,17.6034],[39052.0,0.006],[39096.0,0.0004],[39097.0,18.6207],[39141.0,0.0001],[39177.0,20.4135],[39192.0,24.2268],[39219.0,0.0009],[39251.0,0.0001],[39264.0,22.9486],[39297.0,36.042],[39300.0,0.0005],[39327.0,0.0001],[39347.0,35.1694],[39350.0,33.9392],[39362.0,0.0001],[39443.0,46.0501],[39472.0,0.0001],[39497.0,43.6485],[39502.0,43.3389],[39573.0,0.0001],[39583.0,0.0001],[39594.0,0.0005],[39611.0,0.0005],[39685.0,0.0005],[39687.0,0.0002],[39693.0,0.0001],[39803.0,0.0001],[39914.0,0.0001],[39934.0,0.0005],[39935.0,0.0005],[40021.0,0.0005],[40024.0,0.0001],[40043.0,0.0051],[40135.0,0.0001],[40245.0,0.0001],[40319.0,0.0005],[40330.0,0.0005],[40356.0,0.0001],[40398.0,0.0002],[40432.0,0.0005],[40466.0,0.0001],[40496.0,0.0005],[40576.0,0.0047],[40577.0,0.0001],[40623.0,0.0005],[40644.0,0.0005],[40665.0,0.0005],[40672.0,0.0005],[40687.0,0.0001],[40735.0,0.0005],[40798.0,0.0001],[40839.0,0.0005],[40908.0,0.0001],[40909.0,0.0002],[41018.0,0.0001],[41110.0,0.0002],[41129.0,0.0001],[41239.0,0.0001],[41350.0,0.0001],[41422.0,2.3236],[41460.0,0.0001],[41571.0,0.0001],[41681.0,0.0001],[41792.0,0.0001],[41821.0,0.0002],[41873.0,0.0002],[41902.0,0.0001],[42012.0,0.0001],[42123.0,0.0001],[42233.0,0.0001],[42344.0,0.0001],[42354.0,0.0001],[42423.0,0.0224],[42454.0,0.0001],[42533.0,0.0002],[42546.0,0.0041],[42565.0,0.0001],[42675.0,0.0001],[42785.0,0.0002],[42786.0,0.0001],[42896.0,0.0001],[43007.0,0.0001],[43117.0,0.0001],[43227.0,0.0001],[43244.0,0.0002],[43338.0,0.0001],[43448.0,0.0001],[43475.0,0.0005],[43559.0,0.0001],[43618.0,0.004],[43669.0,0.0001],[43697.0,0.0002],[43780.0,0.0001],[43890.0,0.0001],[44001.0,0.0001],[44055.0,0.0006],[44095.0,0.0005]],"action":"partial"}}
1651237298.8308434: {"channel":"ticker","market":"ETH/USD","type":"update","data":{"bid":2861.7,"ask":2861.8,"bidSize":22.104,"askSize":0.004,"last":2861.7,"time":1651237298.6829736}}
1651237298.8308604: {"channel":"orderbook","market":"ETH/USD","type":"update","data":{"time":1651237298.6829736,"checksum":336936288,"bids":[[2857.1,2.671]],"asks":[[2862.6,4.381],[2863.2,23.244],[2866.4,4.276],[2872.7,2.338]],"action":"update"}}
1651237298.8308895: {"channel":"ticker","market":"ETH/USDT","type":"update","data":{"bid":2861.9,"ask":2862.0,"bidSize":4.05,"askSize":2.061,"last":2861.5,"time":1651237298.6885424}}
1651237298.8309042: {"channel":"orderbook","market":"ETH/USDT","type":"update","data":{"time":1651237298.6885424,"checksum":3968889440,"bids":[[2861.1,4.193]],"asks":[],"action":"update"}}
1651237298.8309202: {"channel":"ticker","market":"SOL/USD","type":"update","data":{"bid":95.915,"ask":95.925,"bidSize":91.0,"askSize":45.47,"last":95.925,"time":1651237298.6991496}}
1651237298.853776: {"channel":"ticker","market":"ETH/USDT","type":"update","data":{"bid":2861.9,"ask":2862.0,"bidSize":4.05,"askSize":2.061,"last":2861.5,"time":1651237298.723056}}
1651237298.853833: {"channel":"orderbook","market":"ETH/USDT","type":"update","data":{"time":1651237298.723056,"checksum":2219200621,"bids":[],"asks":[[2862.5,2.88],[2863.3,0.0],[2865.9,16.063],[2883.6,0.001]],"action":"update"}}
1651237298.8754725: {"channel":"ticker","market":"ETH/USD","type":"update","data":{"bid":2861.7,"ask":2861.8,"bidSize":23.404,"askSize":3.454,"last":2861.7,"time":1651237298.7450342}}
1651237298.875536: {"channel":"orderbook","market":"ETH/USD","type":"update","data":{"time":1651237298.7450342,"checksum":2848583824,"bids":[[2861.7,23.404]],"asks":[[2861.8,3.454]],"action":"update"}}
1651237298.8789606: {"channel":"ticker","market":"ETH/USDT","type":"update","data":{"bid":2861.9,"ask":2862.0,"bidSize":17.383,"askSize":2.061,"last":2861.5,"time":1651237298.7500525}}
1651237298.8789983: {"channel":"orderbook","market":"ETH/USDT","type":"update","data":{"time":1651237298.7500525,"checksum":2030373446,"bids":[[2861.9,17.383]],"asks":[],"action":"update"}}
1651237298.879031: {"channel":"ticker","market":"SOL/USD","type":"update","data":{"bid":95.915,"ask":95.925,"bidSize":91.0,"askSize":45.47,"last":95.925,"time":1651237298.7512097}}
1651237298.879999: {"channel":"ticker","market":"ETH/USD","type":"update","data":{"bid":2861.7,"ask":2861.8,"bidSize":21.308,"askSize":3.454,"last":2861.7,"time":1651237298.7546666}}
1651237298.8801236: {"channel":"orderbook","market":"ETH/USD","type":"update","data":{"time":1651237298.7546666,"checksum":3518390443,"bids":[[2861.7,21.308]],"asks":[],"action":"update"}}
1651237298.8877094: {"channel":"ticker","market":"ETH/USDT","type":"update","data":{"bid":2861.9,"ask":2862.0,"bidSize":17.383,"askSize":2.061,"last":2861.5,"time":1651237298.76243}}
1651237298.8877356: {"channel":"orderbook","market":"ETH/USDT","type":"update","data":{"time":1651237298.76243,"checksum":3255002274,"bids":[[2861.5,9.388]],"asks":[],"action":"update"}}
1651237298.897628: {"channel":"ticker","market":"WBTC/USD","type":"update","data":{"bid":38944.0,"ask":38982.0,"bidSize":0.041,"askSize":0.1081,"last":38970.0,"time":1651237298.7690158}}
1651237298.8976798: {"channel":"orderbook","market":"WBTC/USD","type":"update","data":{"time":1651237298.7690158,"checksum":328209251,"bids":[[38944.0,0.041],[35606.0,0.0]],"asks":[],"action":"update"}}
1651237298.9038057: {"channel":"ticker","market":"SOL/USD","type":"update","data":{"bid":95.915,"ask":95.925,"bidSize":91.0,"askSize":45.47,"last":95.925,"time":1651237298.7777956}}
1651237298.910198: {"channel":"ticker","market":"ETH/USD","type":"update","data":{"bid":2861.7,"ask":2861.8,"bidSize":21.54,"askSize":3.454,"last":2861.7,"time":1651237298.7808633}}
1651237298.910226: {"channel":"orderbook","market":"ETH/USD","type":"update","data":{"time":1651237298.7808633,"checksum":1446452508,"bids":[[2861.7,21.54],[2861.5,7.243]],"asks":[],"action":"update"}}
1651237298.924202: {"channel":"ticker","market":"ETH/USDT","type":"update","data":{"bid":2861.9,"ask":2862.0,"bidSize":15.383,"askSize":2.061,"last":2861.5,"time":1651237298.7938557}}
1651237298.9242392: {"channel":"orderbook","market":"ETH/USDT","type":"update","data":{"time":1651237298.7938557,"checksum":1010969592,"bids":[[2861.9,15.383],[2861.7,6.11],[2861.6,2.05],[2861.4,0.0],[2842.7,0.018]],"asks":[],"action":"update"}}
1651237298.9318943: {"channel":"ticker","market":"ETH/USD","type":"update","data":{"bid":2861.7,"ask":2861.8,"bidSize":21.54,"askSize":3.454,"last":2861.7,"time":1651237298.8050318}}
1651237298.9319394: {"channel":"orderbook","market":"ETH/USD","type":"update","data":{"time":1651237298.8050318,"checksum":3216844697,"bids":[[2861.4,3.494],[2849.8,0.0]],"asks":[],"action":"update"}}
1651237298.9402778: {"channel":"ticker","market":"LTC/USDT","type":"update","data":{"bid":100.62,"ask":100.625,"bidSize":116.14,"askSize":7.62,"last":100.625,"time":1651237298.8117518}}
1651237298.9418504: {"channel":"ticker","market":"ETH/USDT","type":"update","data":{"bid":2861.9,"ask":2862.0,"bidSize":15.383,"askSize":4.061,"last":2861.5,"time":1651237298.8165653}}
1651237298.9418833: {"channel":"orderbook","market":"ETH/USDT","type":"update","data":{"time":1651237298.8165653,"checksum":3665731599,"bids":[[2861.7,2.74]],"asks":[[2862.0,4.061]],"action":"update"}}
1651237298.9453254: {"channel":"ticker","market":"WBTC/USD","type":"update","data":{"bid":38944.0,"ask":38982.0,"bidSize":0.041,"askSize":0.1081,"last":38970.0,"time":1651237298.8201206}}
1651237298.9453614: {"channel":"orderbook","market":"WBTC/USD","type":"update","data":{"time":1651237298.8201206,"checksum":2109421629,"bids":[[38943.0,0.0],[35606.0,0.0001]],"asks":[],"action":"update"}}
1651237298.9615943: {"channel":"ticker","market":"ETH/USD","type":"update","data":{"bid":2861.7,"ask":2861.8,"bidSize":21.54,"askSize":3.454,"last":2861.7,"time":1651237298.831136}}
1651237298.9616413: {"channel":"orderbook","market":"ETH/USD","type":"update","data":{"time":1651237298.831136,"checksum":2123604085,"bids":[[2861.4,0.0],[2849.8,0.032]],"asks":[[2862.6,4.73],[2868.0,6.444]],"action":"update"}}
1651237298.9651024: {"channel":"ticker","market":"SOL/USD","type":"update","data":{"bid":95.9175,"ask":95.925,"bidSize":0.01,"askSize":45.47,"last":95.925,"time":1651237298.8315763}}
1651237298.9651349: {"channel":"ticker","market":"ETH/USDT","type":"update","data":{"bid":2861.9,"ask":2862.0,"bidSize":15.383,"askSize":4.061,"last":2861.5,"time":1651237298.8379264}}
1651237298.9651523: {"channel":"orderbook","market":"ETH/USDT","type":"update","data":{"time":1651237298.8379264,"checksum":1749102397,"bids":[[2861.7,4.487]],"asks":[],"action":"update"}}
1651237299.0000463: {"channel":"ticker","market":"SOL/USD","type":"update","data":{"bid":95.9175,"ask":95.925,"bidSize":0.01,"askSize":45.47,"last":95.925,"time":1651237298.8736176}}
1651237299.0148404: {"channel":"ticker","market":"ETH/USDT","type":"update","data":{"bid":2861.9,"ask":2862.0,"bidSize":15.383,"askSize":4.061,"last":2861.5,"time":1651237298.8866339}}
1651237299.0148842: {"channel":"orderbook","market":"ETH/USDT","type":"update","data":{"time":1651237298.8866339,"checksum":4187077924,"bids":[[2861.2,10.338],[2861.0,3.495],[2842.7,0.0]],"asks":[],"action":"update"}}
1651237299.0611024: {"channel":"ticker","market":"SOL/USD","type":"update","data":{"bid":95.9175,"ask":95.925,"bidSize":8.62,"askSize":45.47,"last":95.925,"time":1651237298.9001305}}
1651237299.0611832: {"channel":"ticker","market":"ETH/USD","type":"update","data":{"bid":2861.7,"ask":2861.8,"bidSize":21.54,"askSize":3.454,"last":2861.7,"time":1651237298.9064455}}
1651237299.0612152: {"channel":"orderbook","market":"ETH/USD","type":"update","data":{"time":1651237298.9064455,"checksum":2517780633,"bids":[[2860.9,10.247]],"asks":[[2866.4,4.275]],"action":"update"}}
1651237299.0612767: {"channel":"ticker","market":"SOL/USD","type":"update","data":{"bid":95.9175,"ask":95.925,"bidSize":8.62,"askSize":45.47,"last":95.925,"time":1651237298.925659}}
1651237299.06794: {"channel":"ticker","market":"WBTC/USD","type":"update","data":{"bid":38945.0,"ask":38982.0,"bidSize":0.0002,"askSize":0.1081,"last":38970.0,"time":1651237298.9413323}}
1651237299.0679867: {"channel":"orderbook","market":"WBTC/USD","type":"update","data":{"time":1651237298.9413323,"checksum":865172533,"bids":[[38945.0,0.0002],[35606.0,0.0]],"asks":[],"action":"update"}}
1651237299.0760808: {"channel":"ticker","market":"SOL/USD","type":"update","data":{"bid":95.9175,"ask":95.925,"bidSize":8.62,"askSize":45.47,"last":95.925,"time":1651237298.9475925}}
1651237299.0762105: {"channel":"orderbook","market":"SOL/USD","type":"partial","data":{"time":1651237298.9475925,"checksum":3722671690,"bids":[[95.9175,8.62],[95.915,91.0],[95.9075,81.1],[95.8975,0.74],[95.895,125.0],[95.8925,9.29],[95.8875,5.0],[95.885,103.71],[95.8825,445.72],[95.8675,8.61],[95.865,5.44],[95.86,49.65],[95.8475,71.73],[95.845,749.43],[95.8425,213.47],[95.84,50.17],[95.8375,2.22],[95.835,137.66],[95.8325,96.28],[95.83,241.64],[95.8275,98.63],[95.825,8.62],[95.8225,57.57],[95.8175,114.29],[95.815,1.95],[95.8125,80.1],[95.8075,0.97],[95.8025,160.07],[95.7975,8.62],[95.7925,104.39],[95.79,0.2],[95.7875,8.16],[95.78,70.0],[95.7775,56.31],[95.77,220.58],[95.7675,59.0],[95.75,148.71],[95.7375,26.62],[95.735,47.04],[95.73,178.32],[95.7275,93.81],[95.7225,8.62],[95.71,41.75],[95.7,31.19],[95.695,0.55],[95.6925,178.86],[95.69,0.2],[95.675,5.45],[95.67,186.03],[95.6675,0.07],[95.665,39.1],[95.66,70.82],[95.655,21.79],[95.65,0.08],[95.645,0.32],[95.6425,0.01],[95.64,0.11],[95.6375,22.4],[95.63,0.01],[95.6275,0.16],[95.625,68.42],[95.62,0.57],[95.6175,373.1],[95.6125,0.5],[95.61,60.88],[95.605,1000.0],[95.6025,0.01],[95.6,22.71],[95.5975,34.6],[95.595,0.08],[95.5925,0.18],[95.59,5.78],[95.5825,0.62],[95.58,0.24],[95.5775,0.19],[95.5725,71.74],[95.57,0.21],[95.5625,0.33],[95.56,0.34],[95.555,2.4],[95.5525,0.07],[95.55,0.44],[95.5475,0.03],[95.5425,10.0],[95.535,0.02],[95.525,0.1],[95.5225,0.27],[95.5175,0.97],[95.515,0.03],[95.5125,0.55],[95.51,3.61],[95.5075,0.8],[95.505,0.25],[95.5025,47.31],[95.5,71.37],[95.4975,0.17],[95.495,2.67],[95.4925,92.21],[95.49,12.34],[95.4875,1.02]],"asks":[[95.925,45.47],[95.93,51.0],[95.9375,132.1],[95.945,55.0],[95.955,70.0],[95.9575,119.25],[95.96,215.16],[95.9625,407.96],[95.965,112.37],[95.98,0.05],[95.9825,0.05],[95.9875,128.78],[95.99,0.2],[95.995,7.26],[95.9975,0.03],[96.0,121.1],[96.015,63.11],[96.0175,252.45],[96.02,2.24],[96.0225,0.05],[96.025,62.67],[96.03,33.4],[96.0325,389.3],[96.035,178.86],[96.0375,111.49],[96.0475,52.3],[96.05,600.2],[96.0525,0.01],[96.055,0.03],[96.0625,164.08],[96.07,1.2],[96.0775,119.45],[96.08,0.57],[96.0825,0.05],[96.0875,143.28],[96.09,0.3],[96.0975,85.05],[96.1,26.13],[96.1025,0.08],[96.1075,510.76],[96.11,41.75],[96.125,61.16],[96.135,26.1],[96.1375,0.2],[96.145,1500.35],[96.16,0.47],[96.1625,104.22],[96.17,114.23],[96.175,1.43],[96.1775,186.39],[96.18,0.05],[96.19,0.2],[96.205,1459.27],[96.21,0.33],[96.2125,0.03],[96.2175,0.2],[96.22,0.64],[96.2225,0.05],[96.2275,0.03],[96.2375,50.12],[96.2425,25.98],[96.245,275.33],[96.25,61.45],[96.2575,0.01],[96.26,0.06],[96.265,0.03],[96.27,0.19],[96.2725,1.17],[96.275,0.85],[96.2775,115.91],[96.28,1.09],[96.2825,3.3],[96.2875,1.02],[96.29,0.38],[96.295,1.1],[96.3,180.0],[96.31,0.85],[96.3125,0.52],[96.315,0.03],[96.3175,0.19],[96.32,0.01],[96.3225,0.62],[96.3275,0.01],[96.33,0.26],[96.3325,0.13],[96.3375,0.29],[96.3425,0.05],[96.3475,0.3],[96.35,0.33],[96.3575,0.46],[96.36,0.03],[96.3625,0.38],[96.37,2.64],[96.375,68.15],[96.385,0.35],[96.39,0.21],[96.3925,0.18],[96.4,16.48],[96.405,19.0],[96.41,0.38]],"action":"partial"}}
1651237299.1022356: {"channel":"ticker","market":"SOL/USD","type":"update","data":{"bid":95.9175,"ask":95.925,"bidSize":8.62,"askSize":45.47,"last":95.925,"time":1651237298.9754388}}
1651237299.1022844: {"channel":"orderbook","market":"SOL/USD","type":"update","data":{"time":1651237298.9754388,"checksum":913022772,"bids":[[95.72,275.32],[95.4875,0.0]],"asks":[],"action":"update"}}
1651237299.1140258: {"channel":"ticker","market":"ETH/USD","type":"update","data":{"bid":2861.7,"ask":2861.8,"bidSize":21.54,"askSize":3.454,"last":2861.7,"time":1651237298.9800065}}
1651237299.1141133: {"channel":"orderbook","market":"ETH/USD","type":"update","data":{"time":1651237298.9800065,"checksum":3070882407,"bids":[],"asks":[[2862.5,18.122],[2869.4,2.056],[2874.4,0.0]],"action":"update"}}
1651237299.1602304: {"channel":"ticker","market":"LTC/USDT","type":"update","data":{"bid":100.62,"ask":100.625,"bidSize":116.14,"askSize":7.62,"last":100.625,"time":1651237299.0280302}}
1651237299.1602895: {"channel":"orderbook","market":"LTC/USDT","type":"partial","data":{"time":1651237299.0280302,"checksum":13691480,"bids":[[100.62,116.14],[100.61,50.13],[100.6,0.34],[100.585,72.0],[100.565,7.46],[100.56,59.47],[100.535,14.99],[100.53,2.74],[100.515,105.12],[100.5,61.29],[100.48,17.2],[100.465,11.12],[100.44,3.09],[100.42,20.77],[100.41,93.44],[100.405,70.1],[100.385,188.3],[100.375,362.56],[100.37,48.5],[100.35,65.0],[100.31,504.64],[100.265,74.74],[100.205,99.42],[100.2,809.18],[100.075,1023.27],[100.05,63.5],[100.025,0.01],[99.97,239.38],[99.965,1322.51],[99.945,257.0],[99.9,61.89],[99.895,0.24],[99.865,0.3],[99.825,210.97],[99.77,944.4],[99.75,54.37],[99.69,1111.91],[99.65,0.01],[99.64,1175.07],[99.625,0.18],[99.6,65.74],[99.53,0.3],[99.505,182.81],[99.5,0.01],[99.495,1404.92],[99.45,62.84],[99.41,1198.26],[99.4,123.1],[99.37,0.3],[99.305,29.67],[99.3,59.28],[99.27,0.01],[99.235,2.58],[99.23,1613.08],[99.205,1848.23],[99.185,0.6],[99.155,232.0],[99.145,60.24],[99.06,0.46],[99.0,0.01],[98.985,0.3],[98.98,4.96],[98.965,0.02],[98.895,0.01],[98.875,0.3],[98.83,0.03],[98.785,0.18],[98.77,1.24],[98.7,10.0],[98.69,0.01],[98.62,0.23],[98.52,0.01],[98.445,0.3],[98.395,0.6],[98.385,0.3],[98.375,0.01],[98.365,0.18],[98.32,0.12],[98.275,0.39],[98.17,300.0],[98.14,29.65],[98.005,30.3],[98.0,0.17],[97.91,0.3],[97.9,0.3],[97.89,0.01],[97.765,0.01],[97.615,0.6],[97.5,0.05],[97.415,0.3],[97.39,0.01],[97.38,0.3],[97.325,30.27],[97.17,500.0],[97.08,0.01],[97.03,0.39],[97.01,0.01],[97.0,3.2],[96.93,0.3],[96.845,0.3]],"asks":[[100.625,7.62],[100.64,0.34],[100.705,12.0],[100.71,4.96],[100.715,14.8],[100.725,92.25],[100.73,75.32],[100.74,24.0],[100.75,58.34],[100.755,48.49],[100.76,7.46],[100.765,35.15],[100.77,52.66],[100.78,0.01],[100.8,57.88],[100.815,29.81],[100.82,3.37],[100.825,289.44],[100.85,271.83],[100.87,254.39],[100.875,546.81],[100.89,0.18],[100.9,0.57],[100.905,0.29],[100.95,627.18],[100.955,65.99],[101.0,0.01],[101.04,99.36],[101.085,235.99],[101.105,59.23],[101.11,0.01],[101.145,1198.92],[101.155,0.01],[101.17,668.69],[101.185,0.37],[101.22,0.29],[101.245,235.0],[101.255,63.73],[101.28,2549.38],[101.31,0.18],[101.355,1828.12],[101.405,64.0],[101.41,0.29],[101.47,221.85],[101.495,1799.73],[101.53,0.01],[101.555,1703.1],[101.64,121.33],[101.695,22.89],[101.705,62.14],[101.735,0.18],[101.77,0.29],[101.79,1642.06],[101.85,1796.99],[101.855,55.58],[101.88,15.11],[101.905,0.01],[101.91,0.01],[101.915,0.29],[101.96,1.26],[102.0,0.32],[102.005,63.23],[102.015,0.39],[102.12,0.03],[102.155,56.06],[102.18,0.76],[102.24,0.16],[102.285,0.01],[102.33,0.29],[102.42,0.29],[102.52,0.23],[102.575,0.18],[102.595,0.04],[102.61,0.13],[102.66,0.01],[102.72,0.01],[102.75,7.62],[102.8,0.03],[102.85,92.19],[102.89,0.29],[102.91,0.03],[102.93,0.29],[102.995,0.18],[103.0,0.02],[103.035,0.01],[103.135,877.37],[103.145,0.16],[103.34,0.23],[103.415,0.01],[103.42,0.18],[103.445,0.29],[103.455,0.29],[103.48,0.03],[103.52,0.01],[103.71,0.46],[103.775,0.71],[103.79,0.01],[103.84,0.18],[103.91,0.02],[103.96,0.29]],"action":"partial"}}
1651237299.1607718: {"channel":"ticker","market":"SOL/USD","type":"update","data":{"bid":95.9175,"ask":95.925,"bidSize":8.62,"askSize":45.47,"last":95.925,"time":1651237299.02831}}
1651237299.1607926: {"channel":"orderbook","market":"SOL/USD","type":"update","data":{"time":1651237299.02831,"checksum":2338582765,"bids":[],"asks":[[96.03,99.24]],"action":"update"}}
1651237299.1637447: {"channel":"ticker","market":"ETH/USD","type":"update","data":{"bid":2861.7,"ask":2861.8,"bidSize":21.54,"askSize":3.616,"last":2861.7,"time":1651237299.0327284}}
1651237299.1637783: {"channel":"orderbook","market":"ETH/USD","type":"update","data":{"time":1651237299.0327284,"checksum":1097870434,"bids":[[2861.1,27.342]],"asks":[[2861.8,3.616]],"action":"update"}}
1651237299.1933756: {"channel":"ticker","market":"ETH/USD","type":"update","data":{"bid":2861.7,"ask":2861.8,"bidSize":18.047,"askSize":3.616,"last":2861.7,"time":1651237299.0577986}}
1651237299.1934285: {"channel":"orderbook","market":"ETH/USD","type":"update","data":{"time":1651237299.0577986,"checksum":1596705179,"bids":[[2861.7,18.047],[2861.1,27.384],[2855.2,4.006]],"asks":[[2862.4,4.884],[2865.0,0.003]],"action":"update"}}
1651237299.1992066: {"channel":"ticker","market":"SHIB/USD","type":"update","data":{"bid":0.00002262,"ask":0.00002263,"bidSize":61700000.0,"askSize":18000000.0,"last":0.00002263,"time":1651237299.0674508}}
1651237299.199255: {"channel":"orderbook","market":"SHIB/USD","type":"partial","data":{"time":1651237299.0674508,"checksum":4233148178,"bids":[[0.00002262,61700000.0],[0.00002261,233000000.0],[0.0000226,407700000.0],[0.00002259,199200000.0],[0.00002258,303700000.0],[0.00002257,198100000.0],[0.00002256,102800000.0],[0.00002255,47400000.0],[0.00002254,264500000.0],[0.00002253,28500000.0],[0.00002252,600000.0],[0.00002251,34000000.0],[0.0000225,7500000.0],[0.00002249,100600000.0],[0.00002248,170100000.0],[0.00002247,400000.0],[0.00002246,171200000.0],[0.00002245,3400000.0],[0.00002244,300000.0],[0.00002243,800000.0],[0.00002242,1600000.0],[0.00002241,71400000.0],[0.0000224,100000000.0],[0.00002239,4100000.0],[0.00002238,109300000.0],[0.00002237,9400000.0],[0.00002236,10500000.0],[0.00002235,1600000.0],[0.00002234,101300000.0],[0.00002233,1300000.0],[0.00002232,1200000.0],[0.00002231,70500000.0],[0.0000223,4900000.0],[0.00002229,400000.0],[0.00002228,17500000.0],[0.00002227,4900000.0],[0.00002226,101000000.0],[0.00002225,3400000.0],[0.00002224,900000.0],[0.00002223,1300000.0],[0.00002222,200000.0],[0.00002221,400000.0],[0.0000222,100000.0],[0.00002219,71200000.0],[0.00002218,2100000.0],[0.00002217,2600000.0],[0.00002216,2100000.0],[0.00002215,102400000.0],[0.00002214,100000.0],[0.00002213,1700000.0],[0.00002212,400000.0],[0.00002211,900000.0],[0.0000221,900000.0],[0.00002209,200000.0],[0.00002208,100800000.0],[0.00002207,500000.0],[0.00002206,4300000.0],[0.00002205,1100000.0],[0.00002204,37900000.0],[0.00002203,103300000.0],[0.00002202,2300000.0],[0.00002201,91100000.0],[0.000022,344600000.0],[0.00002199,200000.0],[0.00002198,400000.0],[0.00002197,5500000.0],[0.00002196,4300000.0],[0.00002195,3200000.0],[0.00002194,1100000.0],[0.00002193,12400000.0],[0.00002192,1300000.0],[0.00002191,200000.0],[0.0000219,4300000.0],[0.00002189,600000.0],[0.00002188,200000.0],[0.00002187,14600000.0],[0.00002186,10200000.0],[0.00002185,6700000.0],[0.00002184,74600000.0],[0.00002183,500000.0],[0.00002182,100000.0],[0.00002181,3300000.0],[0.0000218,2800000.0],[0.00002179,38800000.0],[0.00002178,200000.0],[0.00002177,900000.0],[0.00002176,4300000.0],[0.00002175,9300000.0],[0.00002174,70100000.0],[0.00002173,6000000.0],[0.00002172,300000.0],[0.00002171,20500000.0],[0.0000217,1900000.0],[0.00002169,1300000.0],[0.00002168,1300000.0],[0.00002166,100000.0],[0.00002165,2800000.0],[0.00002164,2200000.0],[0.00002163,2100000.0],[0.00002162,2200000.0]],"asks":[[0.00002263,18000000.0],[0.00002264,243500000.0],[0.00002265,466900000.0],[0.00002266,382900000.0],[0.00002267,162300000.0],[0.00002268,97100000.0],[0.00002269,98200000.0],[0.0000227,27500000.0],[0.00002271,70800000.0],[0.00002272,100000000.0],[0.00002273,2400000.0],[0.00002275,73200000.0],[0.00002278,9200000.0],[0.00002279,9400000.0],[0.0000228,110000000.0],[0.00002281,101100000.0],[0.00002282,900000.0],[0.00002283,100000.0],[0.00002284,2400000.0],[0.00002285,5000000.0],[0.00002286,100000.0],[0.00002287,74500000.0],[0.00002289,1000000.0],[0.0000229,500000.0],[0.00002291,100900000.0],[0.00002292,100100000.0],[0.00002293,400000.0],[0.00002294,500000.0],[0.00002295,700000.0],[0.00002296,2500000.0],[0.00002297,2000000.0],[0.00002299,1000000.0],[0.000023,18900000.0],[0.00002301,100000.0],[0.00002302,8500000.0],[0.00002303,169700000.0],[0.00002304,1100000.0],[0.00002305,1400000.0],[0.00002306,100000.0],[0.00002307,102500000.0],[0.00002308,600000.0],[0.00002309,500000.0],[0.0000231,3700000.0],[0.00002312,1300000.0],[0.00002313,1000000.0],[0.00002314,101100000.0],[0.00002315,1000000.0],[0.00002317,71600000.0],[0.00002318,3200000.0],[0.00002319,800000.0],[0.0000232,1400000.0],[0.00002321,300000.0],[0.00002322,99900000.0],[0.00002323,103400000.0],[0.00002324,5600000.0],[0.00002325,2800000.0],[0.00002326,600000.0],[0.00002327,1100000.0],[0.00002328,2800000.0],[0.0000233,2700000.0],[0.00002331,70500000.0],[0.00002332,100100000.0],[0.00002333,300000.0],[0.00002335,600000.0],[0.00002336,2300000.0],[0.00002337,1600000.0],[0.00002338,100000.0],[0.0000234,69800000.0],[0.00002341,2000000.0],[0.00002342,800000.0],[0.00002343,1100000.0],[0.00002344,100000.0],[0.00002345,600000.0],[0.00002346,700000.0],[0.00002347,500000.0],[0.00002348,300000.0],[0.00002349,1600000.0],[0.0000235,3200000.0],[0.00002351,700000.0],[0.00002352,200000.0],[0.00002353,71900000.0],[0.00002354,500000.0],[0.00002355,20600000.0],[0.00002356,3000000.0],[0.00002357,300000.0],[0.00002359,300000.0],[0.0000236,400000.0],[0.00002361,2100000.0],[0.00002362,700000.0],[0.00002363,200000.0],[0.00002364,400000.0],[0.00002365,3400000.0],[0.00002366,1700000.0],[0.00002367,1600000.0],[0.0000237,100000.0],[0.00002371,5500000.0],[0.00002372,300000.0],[0.00002373,5900000.0],[0.00002374,700000.0],[0.00002375,2600000.0]],"action":"partial"}}
1651237299.2132566: {"channel":"ticker","market":"ETH/USD","type":"update","data":{"bid":2861.7,"ask":2861.8,"bidSize":15.428,"askSize":3.616,"last":2861.7,"time":1651237299.0837917}}
1651237299.213315: {"channel":"orderbook","market":"ETH/USD","type":"update","data":{"time":1651237299.0837917,"checksum":2619742609,"bids":[[2861.7,15.428],[2861.4,0.003],[2855.7,12.986],[2849.8,0.0]],"asks":[[2868.4,3.031],[2874.3,0.0]],"action":"update"}}
1651237299.2433546: {"channel":"ticker","market":"ETH/USD","type":"update","data":{"bid":2861.7,"ask":2861.8,"bidSize":11.978,"askSize":3.616,"last":2861.7,"time":1651237299.1059146}}
1651237299.2434027: {"channel":"orderbook","market":"ETH/USD","type":"update","data":{"time":1651237299.1059146,"checksum":560048054,"bids":[[2861.7,11.978]],"asks":[[2863.9,10.456]],"action":"update"}}
1651237299.2434368: {"channel":"ticker","market":"SOL/USD","type":"update","data":{"bid":95.9175,"ask":95.925,"bidSize":0.01,"askSize":45.47,"last":95.925,"time":1651237299.1029503}}
1651237299.2434502: {"channel":"orderbook","market":"SOL/USD","type":"update","data":{"time":1651237299.1029503,"checksum":1621808336,"bids":[[95.9175,0.01]],"asks":[],"action":"update"}}
1651237299.2616796: {"channel":"ticker","market":"SHIB/USD","type":"update","data":{"bid":0.00002262,"ask":0.00002263,"bidSize":61700000.0,"askSize":18000000.0,"last":0.00002263,"time":1651237299.1175153}}
1651237299.261738: {"channel":"orderbook","market":"SHIB/USD","type":"update","data":{"time":1651237299.1175153,"checksum":1314612665,"bids":[[0.0000224,100000.0]],"asks":[],"action":"update"}}
1651237299.2680311: {"channel":"ticker","market":"ETH/USD","type":"update","data":{"bid":2861.7,"ask":2861.8,"bidSize":11.978,"askSize":3.616,"last":2861.7,"time":1651237299.1354542}}
1651237299.2680678: {"channel":"orderbook","market":"ETH/USD","type":"update","data":{"time":1651237299.1354542,"checksum":1474008158,"bids":[],"asks":[[2862.7,15.33],[2863.8,0.01],[2866.2,0.001],[2874.2,0.0]],"action":"update"}}
1651237299.2800486: {"channel":"ticker","market":"SOL/USD","type":"update","data":{"bid":95.9175,"ask":95.925,"bidSize":0.01,"askSize":45.47,"last":95.925,"time":1651237299.149105}}
1651237299.2801044: {"channel":"orderbook","market":"SOL/USD","type":"update","data":{"time":1651237299.149105,"checksum":2588129019,"bids":[],"asks":[[96.0375,111.5]],"action":"update"}}
1651237299.3003473: {"channel":"ticker","market":"ETH/USD","type":"update","data":{"bid":2861.7,"ask":2861.8,"bidSize":11.952,"askSize":3.616,"last":2861.7,"time":1651237299.1703403}}
1651237299.300391: {"channel":"trades","market":"ETH/USD","type":"update","data":[{"id":3851103494,"price":2861.7,"size":0.026,"side":"sell","liquidation":false,"time":"2022-04-29T13:01:39.167773+00:00"}]}
1651237299.3004167: {"channel":"orderbook","market":"ETH/USD","type":"update","data":{"time":1651237299.1703403,"checksum":2878345829,"bids":[[2861.7,11.952],[2861.2,13.827]],"asks":[],"action":"update"}}
1651237299.3080885: {"channel":"ticker","market":"DAI/USD","type":"update","data":{"bid":0.9998,"ask":0.9999,"bidSize":11371.1,"askSize":27441.1,"last":0.9998,"time":1651237299.1806493}}
1651237299.3085382: {"channel":"orderbook","market":"DAI/USD","type":"partial","data":{"time":1651237299.1806493,"checksum":280434518,"bids":[[0.9998,11371.1],[0.9997,0.1],[0.9996,153426.0],[0.9992,0.1],[0.9991,0.1],[0.999,134012.3],[0.9989,25.4],[0.9986,393.4],[0.9981,1000.0],[0.998,40001.0],[0.9976,1000.0],[0.9971,1000.0],[0.997,1.0],[0.9966,1000.0],[0.9961,1000.0],[0.996,100236.4],[0.9956,1000.0],[0.9955,1.0],[0.995,1.0],[0.9934,151.2],[0.9933,21178.6],[0.9929,89322.7],[0.9908,10.1],[0.99,105977.5],[0.9871,22.3],[0.987,113636.3],[0.9851,3418.7],[0.9841,163615.1],[0.9812,125579.6],[0.9797,5.2],[0.9783,133386.8],[0.9767,15.4],[0.9754,139389.4],[0.9726,185425.1],[0.9703,13.4],[0.9697,206206.7],[0.9669,158945.7],[0.9546,5.5],[0.9509,52.6],[0.9501,50.0],[0.9417,124100.9],[0.9402,95255.4],[0.9294,6.0],[0.9028,10.0],[0.9008,55.6],[0.9005,2.3],[0.8996,136401.7],[0.8805,68.2],[0.8607,163353.9],[0.7926,210500.8],[0.7624,249486.5],[0.7604,157.9],[0.7404,0.5],[0.49,12.5],[0.1,377.0],[0.049,125.2],[0.0016,20000000.0],[0.0012,10000000.0],[0.0002,25000000.0],[0.0001,1.0]],"asks":[[0.9999,27441.1],[1.0,56161.4],[1.0001,33258.8],[1.0002,1900.0],[1.0003,2601.9],[1.0004,2124.5],[1.0005,1900.0],[1.0007,76653.7],[1.0009,10455.1],[1.001,10.0],[1.0011,101496.7],[1.0015,5000.0],[1.0017,205.1],[1.0019,500007.7],[1.002,5007.6],[1.0036,67962.6],[1.0049,2433.2],[1.005,0.5],[1.0061,20639.6],[1.0064,34.0],[1.0069,113620.7],[1.0096,93744.3],[1.01,12.5],[1.0111,6.6],[1.0123,1000.0],[1.0125,10.0],[1.0126,154210.3],[1.0149,48321.5],[1.015,2433.2],[1.0156,148505.8],[1.0176,1.0],[1.0188,156534.8],[1.0216,150615.1],[1.0217,50.0],[1.0246,147741.8],[1.0276,218381.6],[1.0307,150329.6],[1.0337,215178.4],[1.0499,1000.0],[1.0616,123513.1],[1.0799,1000.0],[1.0899,1000.0],[1.098,200000.0],[1.099,1000.0],[1.1,10.2],[1.1112,124384.6],[1.1124,0.1],[1.15,787.5],[1.161,181685.3],[1.211,253167.1],[1.311,236777.8],[1.3116,227339.7],[35000.0,1000.0],[45000.0,500.0],[125000.0,500.0]],"action":"partial"}}
1651237299.3285992: {"channel":"ticker","market":"ETH/USD","type":"update","data":{"bid":2861.7,"ask":2861.8,"bidSize":10.052,"askSize":3.616,"last":2861.7,"time":1651237299.1973393}}
1651237299.3286467: {"channel":"orderbook","market":"ETH/USD","type":"update","data":{"time":1651237299.1973393,"checksum":2665618193,"bids":[[2861.7,10.052],[2861.5,3.749]],"asks":[[2862.1,3.555],[2862.6,4.381]],"action":"update"}}
1651237299.3946679: {"channel":"ticker","market":"SHIB/USD","type":"update","data":{"bid":0.00002262,"ask":0.00002263,"bidSize":61700000.0,"askSize":18000000.0,"last":0.00002263,"time":1651237299.217909}}
1651237299.3947275: {"channel":"orderbook","market":"SHIB/USD","type":"update","data":{"time":1651237299.217909,"checksum":759612596,"bids":[[0.00002239,104000000.0]],"asks":[],"action":"update"}}
1651237299.394769: {"channel":"ticker","market":"SOL/USD","type":"update","data":{"bid":95.9175,"ask":95.925,"bidSize":0.01,"askSize":45.47,"last":95.925,"time":1651237299.2152998}}
1651237299.3947911: {"channel":"orderbook","market":"SOL/USD","type":"update","data":{"time":1651237299.2152998,"checksum":1051711032,"bids":[[95.7775,56.84]],"asks":[[95.9275,0.04],[96.1075,373.1],[96.41,0.0]],"action":"update"}}
1651237299.3948321: {"channel":"ticker","market":"ETH/USD","type":"update","data":{"bid":2861.7,"ask":2861.8,"bidSize":10.039,"askSize":4.101,"last":2861.7,"time":1651237299.2369945}}
1651237299.3948536: {"channel":"trades","market":"ETH/USD","type":"update","data":[{"id":3851103497,"price":2861.7,"size":0.013,"side":"sell","liquidation":false,"time":"2022-04-29T13:01:39.227758+00:00"}]}
1651237299.394885: {"channel":"orderbook","market":"ETH/USD","type":"update","data":{"time":1651237299.2369945,"checksum":3653308434,"bids":[[2861.7,10.039],[2861.6,4.993],[2859.8,5.056]],"asks":[[2861.8,4.101]],"action":"update"}}
1651237299.394919: {"channel":"ticker","market":"ETH/USD","type":"update","data":{"bid":2861.7,"ask":2861.8,"bidSize":10.039,"askSize":4.101,"last":2861.7,"time":1651237299.2634857}}
1651237299.3949356: {"channel":"orderbook","market":"ETH/USD","type":"update","data":{"time":1651237299.2634857,"checksum":691736304,"bids":[[2860.6,13.472]],"asks":[[2862.5,21.247],[2862.8,28.236]],"action":"update"}}
1651237299.4033284: {"channel":"ticker","market":"WBTC/USD","type":"update","data":{"bid":38945.0,"ask":38982.0,"bidSize":0.0002,"askSize":0.1081,"last":38970.0,"time":1651237299.2678685}}
1651237299.403358: {"channel":"orderbook","market":"WBTC/USD","type":"update","data":{"time":1651237299.2678685,"checksum":56148598,"bids":[[38944.0,0.0],[35606.0,0.0001]],"asks":[],"action":"update"}}
1651237299.4033883: {"channel":"ticker","market":"SOL/USD","type":"update","data":{"bid":95.9175,"ask":95.925,"bidSize":0.01,"askSize":45.47,"last":95.925,"time":1651237299.2674885}}
1651237299.4034035: {"channel":"orderbook","market":"SOL/USD","type":"update","data":{"time":1651237299.2674885,"checksum":1018862229,"bids":[[95.8875,0.0],[95.4875,1.02]],"asks":[],"action":"update"}}
1651237299.4088335: {"channel":"ticker","market":"LTC/USDT","type":"update","data":{"bid":100.62,"ask":100.625,"bidSize":66.01,"askSize":7.62,"last":100.625,"time":1651237299.2809439}}
1651237299.4088612: {"channel":"orderbook","market":"LTC/USDT","type":"update","data":{"time":1651237299.2809439,"checksum":1652069149,"bids":[[100.62,66.01],[100.61,0.0],[96.635,0.01]],"asks":[],"action":"update"}}
1651237299.417497: {"channel":"ticker","market":"ETH/USD","type":"update","data":{"bid":2861.7,"ask":2861.8,"bidSize":10.039,"askSize":4.101,"last":2861.7,"time":1651237299.2860115}}
1651237299.4175344: {"channel":"orderbook","market":"ETH/USD","type":"update","data":{"time":1651237299.2860115,"checksum":1492950947,"bids":[],"asks":[[2864.8,25.985]],"action":"update"}}
1651237299.4243252: {"channel":"ticker","market":"FTT/BTC","type":"update","data":{"bid":0.0010088,"ask":0.0010096,"bidSize":2.7,"askSize":1.7,"last":0.0010091,"time":1651237299.2899597}}
1651237299.4243665: {"channel":"orderbook","market":"FTT/BTC","type":"update","data":{"time":1651237299.2899597,"checksum":2151910379,"bids":[[0.0010089,0.0],[0.0009962,0.3]],"asks":[[0.0010095,0.0],[0.0010097,2.1],[0.001024,0.1]],"action":"update"}}
1651237299.4384143: {"channel":"ticker","market":"ETH/USD","type":"update","data":{"bid":2861.7,"ask":2861.8,"bidSize":10.039,"askSize":4.101,"last":2861.7,"time":1651237299.3110273}}
1651237299.4384565: {"channel":"orderbook","market":"ETH/USD","type":"update","data":{"time":1651237299.3110273,"checksum":3835049642,"bids":[[2860.2,9.194]],"asks":[[2862.7,22.396]],"action":"update"}}
1651237299.4405053: {"channel":"ticker","market":"FTT/BTC","type":"update","data":{"bid":0.0010088,"ask":0.0010098,"bidSize":2.7,"askSize":3.9,"last":0.0010091,"time":1651237299.3143966}}
1651237299.4405377: {"channel":"orderbook","market":"FTT/BTC","type":"update","data":{"time":1651237299.3143966,"checksum":2903929790,"bids":[],"asks":[[0.0010096,0.0],[0.0010097,0.0],[0.0010098,3.9],[0.0010241,2879.9],[0.0010242,1.3]],"action":"update"}}
1651237299.4405856: {"channel":"ticker","market":"USD/TRY","type":"update","data":{"bid":14.9131,"ask":14.9272,"bidSize":750.0,"askSize":9542.0,"last":14.913,"time":1651237299.3131113}}
1651237299.4407272: {"channel":"orderbook","market":"USD/TRY","type":"partial","data":{"time":1651237299.3131113,"checksum":697568182,"bids":[[14.9131,750.0],[14.913,9185.0],[14.9087,13857.0],[14.9067,158.0],[14.9041,14319.0],[14.9,19854.0],[14.8918,27840.0],[14.8828,20209.0],[14.8717,21609.0],[14.8698,25096.0],[14.8532,35129.0],[14.8468,35881.0],[14.8376,32241.0],[14.832,31036.0],[14.8173,40541.0],[14.8101,42130.0],[14.8026,35088.0],[14.7953,32646.0],[14.7913,50075.0],[14.788,45367.0],[14.7869,41242.0],[14.7788,42342.0],[14.7739,38116.0],[14.7733,37837.0],[14.76,100.0],[14.7498,52200.0],[14.7494,57333.0],[14.734,53300.0],[14.71,200.0],[14.5,2.0],[14.4,50.0],[14.3,200.0],[14.1083,1906.0],[14.0,500.0],[13.9753,2120.0],[13.8448,2035.0],[13.7888,398505.0],[13.7167,2045.0],[13.591,1923.0],[13.4165,701540.0],[13.0587,941200.0],[12.7292,815340.0]],"asks":[[14.9272,9542.0],[14.928,14868.0],[14.93,10.0],[14.935,15069.0],[14.9391,22880.0],[14.94,10.0],[14.9465,29709.0],[14.954,23960.0],[14.9615,34242.0],[14.9689,25183.0],[14.9764,38138.0],[14.9838,33521.0],[14.9913,29757.0],[14.9987,41018.0],[15.0062,28234.0],[15.0136,34123.0],[15.0211,47667.0],[15.0286,49656.0],[15.036,39694.0],[15.0435,45876.0],[15.0598,58864.0],[15.0613,36855.0],[15.0621,43189.0],[15.0637,52281.0],[15.0892,46684.0],[15.0942,51338.0],[15.1088,46567.0],[15.5841,2123.0],[15.7324,1905.0],[15.8807,1963.0],[16.029,1849.0],[16.1259,551311.0],[16.1772,1936.0],[17.0069,781274.0],[17.4467,902170.0],[17.4694,772023.0]],"action":"partial"}}
1651237299.4432247: {"channel":"ticker","market":"SHIB/USD","type":"update","data":{"bid":0.00002262,"ask":0.00002263,"bidSize":61700000.0,"askSize":18000000.0,"last":0.00002263,"time":1651237299.3170822}}
1651237299.4432564: {"channel":"orderbook","market":"SHIB/USD","type":"update","data":{"time":1651237299.3170822,"checksum":3013044874,"bids":[],"asks":[[0.00002265,566800000.0]],"action":"update"}}
1651237299.45403: {"channel":"ticker","market":"SOL/USD","type":"update","data":{"bid":95.9175,"ask":95.925,"bidSize":0.01,"askSize":45.47,"last":95.925,"time":1651237299.32326}}
1651237299.4540584: {"channel":"orderbook","market":"SOL/USD","type":"update","data":{"time":1651237299.32326,"checksum":1910041464,"bids":[],"asks":[[95.945,122.57]],"action":"update"}}
1651237299.4651031: {"channel":"ticker","market":"ETH/USD","type":"update","data":{"bid":2861.7,"ask":2861.8,"bidSize":10.039,"askSize":0.651,"last":2861.7,"time":1651237299.3372157}}
1651237299.465136: {"channel":"orderbook","market":"ETH/USD","type":"update","data":{"time":1651237299.3372157,"checksum":1227025723,"bids":[[2861.5,0.299],[2859.6,3.125],[2855.6,6.047],[2849.9,0.0]],"asks":[[2861.8,0.651],[2862.6,4.73]],"action":"update"}}
1651237299.4875407: {"channel":"ticker","market":"ETH/USD","type":"update","data":{"bid":2861.7,"ask":2861.8,"bidSize":10.039,"askSize":0.651,"last":2861.7,"time":1651237299.360592}}
1651237299.487608: {"channel":"orderbook","market":"ETH/USD","type":"update","data":{"time":1651237299.360592,"checksum":2770781000,"bids":[],"asks":[[2864.1,26.949],[2864.2,2.797]],"action":"update"}}
1651237299.517272: {"channel":"ticker","market":"SOL/USD","type":"update","data":{"bid":95.9175,"ask":95.925,"bidSize":0.01,"askSize":44.44,"last":95.925,"time":1651237299.3737628}}
1651237299.517332: {"channel":"trades","market":"SOL/USD","type":"update","data":[{"id":3851103509,"price":95.925,"size":1.03,"side":"buy","liquidation":false,"time":"2022-04-29T13:01:39.370924+00:00"}]}
1651237299.517383: {"channel":"orderbook","market":"SOL/USD","type":"update","data":{"time":1651237299.3737628,"checksum":3320749158,"bids":[],"asks":[[95.925,44.44],[96.1775,0.36]],"action":"update"}}
1651237299.5279171: {"channel":"ticker","market":"ETH/USD","type":"update","data":{"bid":2861.7,"ask":2861.8,"bidSize":10.039,"askSize":0.651,"last":2861.7,"time":1651237299.3862894}}
1651237299.5279498: {"channel":"orderbook","market":"ETH/USD","type":"update","data":{"time":1651237299.3862894,"checksum":475566629,"bids":[],"asks":[[2862.5,3.955]],"action":"update"}}
1651237299.5378916: {"channel":"ticker","market":"SOL/USD","type":"update","data":{"bid":95.9175,"ask":95.925,"bidSize":0.01,"askSize":44.44,"last":95.925,"time":1651237299.4003935}}
1651237299.5379264: {"channel":"orderbook","market":"SOL/USD","type":"update","data":{"time":1651237299.4003935,"checksum":1595925858,"bids":[[95.865,0.0],[95.77,116.01],[95.485,4.58]],"asks":[],"action":"update"}}
1651237299.5460875: {"channel":"ticker","market":"ETH/USD","type":"update","data":{"bid":2861.7,"ask":2861.8,"bidSize":10.039,"askSize":4.144,"last":2861.7,"time":1651237299.4203665}}
1651237299.5461252: {"channel":"orderbook","market":"ETH/USD","type":"update","data":{"time":1651237299.4203665,"checksum":3661347235,"bids":[],"asks":[[2861.8,4.144],[2864.0,45.521]],"action":"update"}}
1651237299.5662699: {"channel":"ticker","market":"SOL/USD","type":"update","data":{"bid":95.9175,"ask":95.925,"bidSize":0.01,"askSize":44.44,"last":95.925,"time":1651237299.434372}}
1651237299.566335: {"channel":"orderbook","market":"SOL/USD","type":"update","data":{"time":1651237299.434372,"checksum":2062154581,"bids":[[95.785,59.0],[95.7675,0.0]],"asks":[],"action":"update"}}
1651237299.5747924: {"channel":"ticker","market":"ETH/USD","type":"update","data":{"bid":2861.7,"ask":2861.8,"bidSize":7.939,"askSize":4.144,"last":2861.7,"time":1651237299.448577}}
1651237299.574824: {"channel":"orderbook","market":"ETH/USD","type":"update","data":{"time":1651237299.448577,"checksum":2317323601,"bids":[[2861.7,7.939],[2859.3,1.765],[2850.0,0.0]],"asks":[[2862.4,0.349]],"action":"update"}}
1651237299.5806231: {"channel":"ticker","market":"SOL/USD","type":"update","data":{"bid":95.9175,"ask":95.925,"bidSize":0.01,"askSize":44.44,"last":95.925,"time":1651237299.455534}}
1651237299.580659: {"channel":"orderbook","market":"SOL/USD","type":"update","data":{"time":1651237299.455534,"checksum":2134546021,"bids":[[95.86,0.68]],"asks":[[96.13,137.66],[96.405,0.0]],"action":"update"}}
1651237299.606001: {"channel":"ticker","market":"SOL/USD","type":"update","data":{"bid":95.9175,"ask":95.9275,"bidSize":0.01,"askSize":0.04,"last":95.925,"time":1651237299.4779005}}
1651237299.6060584: {"channel":"orderbook","market":"SOL/USD","type":"update","data":{"time":1651237299.4779005,"checksum":3227305534,"bids":[[95.915,36.0],[95.895,70.0]],"asks":[[95.925,0.0],[95.945,67.57],[96.405,19.0]],"action":"update"}}
1651237299.6160884: {"channel":"ticker","market":"ETH/USD","type":"update","data":{"bid":2861.7,"ask":2861.8,"bidSize":7.939,"askSize":6.044,"last":2861.7,"time":1651237299.4860535}}
1651237299.6161187: {"channel":"orderbook","market":"ETH/USD","type":"update","data":{"time":1651237299.4860535,"checksum":2973723210,"bids":[],"asks":[[2861.8,6.044],[2863.1,18.098],[2863.2,13.089]],"action":"update"}}
1651237299.6360095: {"channel":"ticker","market":"ETH/USD","type":"update","data":{"bid":2861.7,"ask":2861.8,"bidSize":7.939,"askSize":2.551,"last":2861.7,"time":1651237299.5097973}}
1651237299.6360536: {"channel":"orderbook","market":"ETH/USD","type":"update","data":{"time":1651237299.5097973,"checksum":3731835682,"bids":[[2861.4,0.0],[2861.1,27.342],[2850.0,2.702]],"asks":[[2861.8,2.551],[2863.1,7.417]],"action":"update"}}
1651237299.6487384: {"channel":"ticker","market":"FTT/BTC","type":"update","data":{"bid":0.0010088,"ask":0.0010098,"bidSize":2.7,"askSize":3.9,"last":0.0010091,"time":1651237299.5212924}}
1651237299.6487844: {"channel":"orderbook","market":"FTT/BTC","type":"update","data":{"time":1651237299.5212924,"checksum":2903929790,"bids":[],"asks":[],"action":"update"}}
1651237299.664583: {"channel":"ticker","market":"ETH/USD","type":"update","data":{"bid":2861.7,"ask":2861.8,"bidSize":7.939,"askSize":2.551,"last":2861.7,"time":1651237299.537046}}
1651237299.6647758: {"channel":"orderbook","market":"ETH/USD","type":"update","data":{"time":1651237299.537046,"checksum":1569522675,"bids":[],"asks":[[2862.6,4.381],[2862.8,9.161]],"action":"update"}}
1651237299.6902788: {"channel":"ticker","market":"BTC/TRY","type":"update","data":{"bid":580057.0,"ask":581678.0,"bidSize":1.831936,"askSize":2.174938,"last":580500.0,"time":1651237299.5609796}}
1651237299.6903331: {"channel":"orderbook","market":"BTC/TRY","type":"update","data":{"time":1651237299.5609796,"checksum":1840591949,"bids":[],"asks":[],"action":"update"}}
1651237299.7027698: {"channel":"ticker","market":"LTC/USDT","type":"update","data":{"bid":100.62,"ask":100.625,"bidSize":70.45,"askSize":7.62,"last":100.625,"time":1651237299.578122}}
1651237299.702826: {"channel":"orderbook","market":"LTC/USDT","type":"update","data":{"time":1651237299.578122,"checksum":3111272776,"bids":[[100.62,70.45]],"asks":[],"action":"update"}}
1651237299.7028794: {"channel":"ticker","market":"SOL/USD","type":"update","data":{"bid":95.9175,"ask":95.9275,"bidSize":0.01,"askSize":0.04,"last":95.925,"time":1651237299.5768142}}
1651237299.7298038: {"channel":"ticker","market":"LTC/USDT","type":"update","data":{"bid":100.62,"ask":100.625,"bidSize":70.45,"askSize":7.62,"last":100.625,"time":1651237299.6040084}}
1651237299.7298512: {"channel":"orderbook","market":"LTC/USDT","type":"update","data":{"time":1651237299.6040084,"checksum":2969190233,"bids":[],"asks":[[100.7,2.44],[103.96,0.0]],"action":"update"}}
1651237299.7671359: {"channel":"ticker","market":"ETH/USD","type":"update","data":{"bid":2861.7,"ask":2861.8,"bidSize":7.939,"askSize":2.551,"last":2861.7,"time":1651237299.6399}}
1651237299.7671828: {"channel":"orderbook","market":"ETH/USD","type":"update","data":{"time":1651237299.6399,"checksum":2552765819,"bids":[],"asks":[[2863.0,0.001],[2863.3,15.526]],"action":"update"}}
1651237299.7808847: {"channel":"ticker","market":"LTC/USDT","type":"update","data":{"bid":100.62,"ask":100.625,"bidSize":70.45,"askSize":7.62,"last":100.625,"time":1651237299.6539357}}
1651237299.7809522: {"channel":"orderbook","market":"LTC/USDT","type":"update","data":{"time":1651237299.6539357,"checksum":1366687495,"bids":[[100.54,1.31],[96.635,0.0]],"asks":[],"action":"update"}}
1651237299.7898574: {"channel":"ticker","market":"ETH/USD","type":"update","data":{"bid":2861.7,"ask":2861.8,"bidSize":7.939,"askSize":2.551,"last":2861.7,"time":1651237299.661213}}
1651237299.789893: {"channel":"orderbook","market":"ETH/USD","type":"update","data":{"time":1651237299.661213,"checksum":1126978119,"bids":[],"asks":[[2862.7,15.33],[2863.9,30.152],[2864.8,34.875]],"action":"update"}}
1651237299.8048527: {"channel":"ticker","market":"LTC/USDT","type":"update","data":{"bid":100.62,"ask":100.625,"bidSize":70.45,"askSize":7.62,"last":100.625,"time":1651237299.6780102}}
1651237299.8048983: {"channel":"orderbook","market":"LTC/USDT","type":"update","data":{"time":1651237299.6780102,"checksum":2969190233,"bids":[[100.54,0.0],[96.635,0.01]],"asks":[],"action":"update"}}
1651237299.8150792: {"channel":"ticker","market":"ETH/USD","type":"update","data":{"bid":2861.7,"ask":2861.8,"bidSize":7.939,"askSize":2.551,"last":2861.7,"time":1651237299.6862648}}
1651237299.8151028: {"channel":"orderbook","market":"ETH/USD","type":"update","data":{"time":1651237299.6862648,"checksum":4207282442,"bids":[],"asks":[[2864.8,41.932]],"action":"update"}}
1651237299.8332841: {"channel":"ticker","market":"SOL/USD","type":"update","data":{"bid":95.9175,"ask":95.9275,"bidSize":0.01,"askSize":0.04,"last":95.925,"time":1651237299.7024584}}
1651237299.8333306: {"channel":"orderbook","market":"SOL/USD","type":"update","data":{"time":1651237299.7024584,"checksum":3493145984,"bids":[],"asks":[[95.955,0.0],[96.03,33.4],[96.41,0.38]],"action":"update"}}
1651237299.837129: {"channel":"ticker","market":"WBTC/USD","type":"update","data":{"bid":38945.0,"ask":38982.0,"bidSize":0.0002,"askSize":0.1081,"last":38970.0,"time":1651237299.700112}}
1651237299.8371625: {"channel":"orderbook","market":"WBTC/USD","type":"update","data":{"time":1651237299.700112,"checksum":56148598,"bids":[],"asks":[],"action":"update"}}
1651237299.8396542: {"channel":"ticker","market":"ETH/USD","type":"update","data":{"bid":2861.7,"ask":2861.8,"bidSize":7.939,"askSize":2.551,"last":2861.7,"time":1651237299.7120547}}
1651237299.839687: {"channel":"orderbook","market":"ETH/USD","type":"update","data":{"time":1651237299.7120547,"checksum":620464072,"bids":[],"asks":[[2863.8,7.549]],"action":"update"}}
1651237299.9090874: {"channel":"ticker","market":"ETH/USD","type":"update","data":{"bid":2861.7,"ask":2861.8,"bidSize":7.939,"askSize":2.551,"last":2861.7,"time":1651237299.747416}}
1651237299.909148: {"channel":"orderbook","market":"ETH/USD","type":"update","data":{"time":1651237299.747416,"checksum":4234401763,"bids":[[2861.2,13.869]],"asks":[[2862.5,21.247],[2862.6,4.73]],"action":"update"}}
1651237299.9091864: {"channel":"ticker","market":"SOL/USD","type":"update","data":{"bid":95.9175,"ask":95.9275,"bidSize":0.01,"askSize":0.04,"last":95.925,"time":1651237299.75441}}
1651237299.9092135: {"channel":"orderbook","market":"SOL/USD","type":"update","data":{"time":1651237299.75441,"checksum":1585402090,"bids":[],"asks":[[96.0625,31.2]],"action":"update"}}
1651237299.9092295: {"channel":"ticker","market":"ETH/USD","type":"update","data":{"bid":2861.7,"ask":2861.8,"bidSize":7.939,"askSize":2.551,"last":2861.7,"time":1651237299.7707708}}
1651237299.9092407: {"channel":"orderbook","market":"ETH/USD","type":"update","data":{"time":1651237299.7707708,"checksum":1397989007,"bids":[],"asks":[[2864.8,34.875],[2865.0,0.01]],"action":"update"}}
1651237299.9211833: {"channel":"ticker","market":"ETH/USD","type":"update","data":{"bid":2861.7,"ask":2861.8,"bidSize":7.939,"askSize":2.547,"last":2861.7,"time":1651237299.794406}}
1651237299.9212146: {"channel":"orderbook","market":"ETH/USD","type":"update","data":{"time":1651237299.794406,"checksum":2182749142,"bids":[],"asks":[[2861.8,2.547],[2861.9,0.0],[2862.6,4.381],[2866.0,2.378],[2874.2,0.146]],"action":"update"}}
1651237299.9304924: {"channel":"ticker","market":"SOL/USD","type":"update","data":{"bid":95.9175,"ask":95.9275,"bidSize":0.01,"askSize":0.04,"last":95.925,"time":1651237299.804194}}
1651237299.930535: {"channel":"orderbook","market":"SOL/USD","type":"update","data":{"time":1651237299.804194,"checksum":3730016877,"bids":[[95.67,0.0],[95.4825,2.08]],"asks":[],"action":"update"}}
1651237299.954364: {"channel":"ticker","market":"ETH/USD","type":"update","data":{"bid":2861.7,"ask":2861.8,"bidSize":7.939,"askSize":2.547,"last":2861.7,"time":1651237299.8217256}}
1651237299.9544036: {"channel":"orderbook","market":"ETH/USD","type":"update","data":{"time":1651237299.8217256,"checksum":4143308816,"bids":[],"asks":[[2862.4,5.662],[2863.2,12.988]],"action":"update"}}
1651237299.9601548: {"channel":"ticker","market":"SOL/USD","type":"update","data":{"bid":95.9175,"ask":95.9275,"bidSize":0.01,"askSize":0.04,"last":95.925,"time":1651237299.8336725}}
1651237299.974145: {"channel":"ticker","market":"ETH/USDT","type":"update","data":{"bid":2861.7,"ask":2862.0,"bidSize":2.74,"askSize":14.675,"last":2861.5,"time":1651237299.835433}}
1651237299.9741933: {"channel":"orderbook","market":"ETH/USDT","type":"update","data":{"time":1651237299.835433,"checksum":166356696,"bids":[[2861.9,0.0],[2861.7,2.74],[2861.6,0.0],[2861.5,33.841],[2861.2,3.495],[2861.1,0.282],[2861.0,0.0],[2860.8,27.138],[2859.7,0.0],[2858.6,0.758],[2854.6,0.318],[2850.0,2.344],[2846.3,0.001],[2842.7,0.018],[2842.5,835.588],[2842.2,0.001]],"asks":[[2862.0,14.675],[2862.4,1.748],[2862.6,12.641],[2862.7,14.804],[2862.8,16.039],[2862.9,0.0],[2863.2,6.483],[2863.4,1.447],[2863.7,1.43],[2863.8,0.75],[2864.8,1.34],[2865.8,142.401],[2883.6,0.0]],"action":"update"}}
1651237299.9887986: {"channel":"ticker","market":"ETH/USD","type":"update","data":{"bid":2861.7,"ask":2861.8,"bidSize":7.75,"askSize":2.547,"last":2861.7,"time":1651237299.8572996}}
1651237299.988979: {"channel":"trades","market":"ETH/USD","type":"update","data":[{"id":3851103538,"price":2861.7,"size":0.189,"side":"sell","liquidation":false,"time":"2022-04-29T13:01:39.855101+00:00"}]}
1651237299.989017: {"channel":"orderbook","market":"ETH/USD","type":"update","data":{"time":1651237299.8572996,"checksum":3695002502,"bids":[[2861.7,7.75]],"asks":[[2862.4,5.313]],"action":"update"}}
1651237300.0078533: {"channel":"ticker","market":"LTC/USDT","type":"update","data":{"bid":100.62,"ask":100.625,"bidSize":70.45,"askSize":7.62,"last":100.625,"time":1651237299.880072}}
1651237300.0079288: {"channel":"orderbook","market":"LTC/USDT","type":"update","data":{"time":1651237299.880072,"checksum":1733476429,"bids":[[100.5,83.89]],"asks":[],"action":"update"}}
1651237300.008453: {"channel":"ticker","market":"SOL/USD","type":"update","data":{"bid":95.9175,"ask":95.9275,"bidSize":0.01,"askSize":0.04,"last":95.925,"time":1651237299.8818002}}
1651237300.0084918: {"channel":"orderbook","market":"SOL/USD","type":"update","data":{"time":1651237299.8818002,"checksum":3789753131,"bids":[[95.7975,43.62]],"asks":[],"action":"update"}}
1651237300.0341167: {"channel":"ticker","market":"USD/TRY","type":"update","data":{"bid":14.9131,"ask":14.9272,"bidSize":750.0,"askSize":9542.0,"last":14.913,"time":1651237299.907733}}
1651237300.034166: {"channel":"orderbook","market":"USD/TRY","type":"update","data":{"time":1651237299.907733,"checksum":3174659845,"bids":[],"asks":[[15.5841,0.0]],"action":"update"}}
1651237300.0342047: {"channel":"ticker","market":"ETH/USDT","type":"update","data":{"bid":2861.7,"ask":2862.0,"bidSize":2.74,"askSize":12.675,"last":2861.5,"time":1651237299.9038372}}
1651237300.034218: {"channel":"orderbook","market":"ETH/USDT","type":"update","data":{"time":1651237299.9038372,"checksum":2051416898,"bids":[],"asks":[[2862.0,12.675],[2862.6,5.725]],"action":"update"}}
1651237300.0415366: {"channel":"ticker","market":"ETH/USD","type":"update","data":{"bid":2861.7,"ask":2861.8,"bidSize":5.813,"askSize":2.547,"last":2861.7,"time":1651237299.9114811}}
1651237300.0415611: {"channel":"orderbook","market":"ETH/USD","type":"update","data":{"time":1651237299.9114811,"checksum":4147412132,"bids":[[2861.7,5.813],[2860.0,5.885]],"asks":[[2862.6,4.73]],"action":"update"}}
1651237300.0415902: {"channel":"ticker","market":"ETH/USDT","type":"update","data":{"bid":2861.7,"ask":2862.0,"bidSize":2.74,"askSize":12.675,"last":2861.5,"time":1651237299.9150891}}
1651237300.0416026: {"channel":"orderbook","market":"ETH/USDT","type":"update","data":{"time":1651237299.9150891,"checksum":1350298773,"bids":[[2861.6,2.347],[2842.2,0.0]],"asks":[[2862.6,8.553]],"action":"update"}}
1651237300.0557108: {"channel":"ticker","market":"SOL/USD","type":"update","data":{"bid":95.9175,"ask":95.9275,"bidSize":0.01,"askSize":0.04,"last":95.925,"time":1651237299.9254167}}
1651237300.0557513: {"channel":"orderbook","market":"SOL/USD","type":"update","data":{"time":1651237299.9254167,"checksum":3105231571,"bids":[],"asks":[[96.0325,455.15]],"action":"update"}}
1651237300.0609365: {"channel":"ticker","market":"ETH/USD","type":"update","data":{"bid":2861.7,"ask":2861.8,"bidSize":4.513,"askSize":2.552,"last":2861.7,"time":1651237299.934572}}
1651237300.0609567: {"channel":"orderbook","market":"ETH/USD","type":"update","data":{"time":1651237299.934572,"checksum":1435777371,"bids":[[2861.7,4.513]],"asks":[[2861.8,2.552]],"action":"update"}}
1651237300.06789: {"channel":"ticker","market":"ETH/USDT","type":"update","data":{"bid":2861.7,"ask":2862.0,"bidSize":2.74,"askSize":12.675,"last":2861.5,"time":1651237299.9415379}}
1651237300.0679252: {"channel":"orderbook","market":"ETH/USDT","type":"update","data":{"time":1651237299.9415379,"checksum":490174347,"bids":[[2860.9,5.414],[2842.5,0.0]],"asks":[[2862.5,0.01],[2863.9,21.819],[2882.0,1.997]],"action":"update"}}
1651237300.0896: {"channel":"ticker","market":"SOL/USD","type":"update","data":{"bid":95.9175,"ask":95.9275,"bidSize":0.01,"askSize":0.04,"last":95.925,"time":1651237299.956963}}
1651237300.0896716: {"channel":"orderbook","market":"SOL/USD","type":"update","data":{"time":1651237299.956963,"checksum":1479925716,"bids":[[95.87,52.64],[95.8025,27.19],[95.4825,0.0]],"asks":[[95.9625,477.96]],"action":"update"}}
1651237300.0903685: {"channel":"ticker","market":"ETH/USD","type":"update","data":{"bid":2861.7,"ask":2861.8,"bidSize":4.513,"askSize":2.552,"last":2861.7,"time":1651237299.963484}}
1651237300.0904088: {"channel":"orderbook","market":"ETH/USD","type":"update","data":{"time":1651237299.963484,"checksum":1611522307,"bids":[[2861.4,0.003],[2850.0,0.0]],"asks":[[2862.6,4.381]],"action":"update"}}
1651237300.0959835: {"channel":"ticker","market":"SHIB/USD","type":"update","data":{"bid":0.00002262,"ask":0.00002263,"bidSize":61700000.0,"askSize":18000000.0,"last":0.00002263,"time":1651237299.9696925}}
1651237300.096016: {"channel":"orderbook","market":"SHIB/USD","type":"update","data":{"time":1651237299.9696925,"checksum":3391986333,"bids":[],"asks":[[0.00002268,122100000.0]],"action":"update"}}
1651237300.1037786: {"channel":"ticker","market":"SOL/USD","type":"update","data":{"bid":95.9175,"ask":95.93,"bidSize":0.01,"askSize":51.0,"last":95.925,"time":1651237299.9788086}}
1651237300.10381: {"channel":"orderbook","market":"SOL/USD","type":"update","data":{"time":1651237299.9788086,"checksum":2366568099,"bids":[],"asks":[[95.9275,0.0],[96.4125,0.36]],"action":"update"}}
1651237300.1332242: {"channel":"ticker","market":"ETH/USDT","type":"update","data":{"bid":2861.7,"ask":2861.8,"bidSize":2.74,"askSize":2.0,"last":2861.5,"time":1651237300.0054657}}
1651237300.1332836: {"channel":"orderbook","market":"ETH/USDT","type":"update","data":{"time":1651237300.0054657,"checksum":2841817603,"bids":[],"asks":[[2861.8,2.0],[2862.7,20.258],[2883.5,0.0]],"action":"update"}}
1651237300.134559: {"channel":"ticker","market":"SOL/USD","type":"update","data":{"bid":95.9175,"ask":95.93,"bidSize":0.01,"askSize":51.0,"last":95.925,"time":1651237300.0080626}}
1651237300.1347733: {"channel":"orderbook","market":"SOL/USD","type":"update","data":{"time":1651237300.0080626,"checksum":2228925597,"bids":[[95.855,5.44],[95.485,0.0]],"asks":[],"action":"update"}}
1651237300.1509216: {"channel":"ticker","market":"ETH/USD","type":"update","data":{"bid":2861.7,"ask":2861.8,"bidSize":4.513,"askSize":2.552,"last":2861.7,"time":1651237300.0221698}}
1651237300.1509817: {"channel":"orderbook","market":"ETH/USD","type":"update","data":{"time":1651237300.0221698,"checksum":548342667,"bids":[[2860.0,7.906]],"asks":[[2863.6,0.912],[2874.2,0.0]],"action":"update"}}
1651237300.179154: {"channel":"ticker","market":"ETH/USDT","type":"update","data":{"bid":2861.7,"ask":2861.8,"bidSize":2.74,"askSize":2.0,"last":2861.5,"time":1651237300.0522609}}
1651237300.1792026: {"channel":"orderbook","market":"ETH/USDT","type":"update","data":{"time":1651237300.0522609,"checksum":2121856730,"bids":[[2858.3,0.0],[2842.5,835.588]],"asks":[[2862.2,6.917],[2883.1,0.0]],"action":"update"}}
1651237300.1809359: {"channel":"ticker","market":"SOL/USD","type":"update","data":{"bid":95.9175,"ask":95.93,"bidSize":0.01,"askSize":51.0,"last":95.925,"time":1651237300.0553527}}
1651237300.1809764: {"channel":"orderbook","market":"SOL/USD","type":"update","data":{"time":1651237300.0553527,"checksum":3409221373,"bids":[],"asks":[[96.0225,62.6]],"action":"update"}}
1651237300.1811464: {"channel":"ticker","market":"USD/TRY","type":"update","data":{"bid":14.9131,"ask":14.9272,"bidSize":750.0,"askSize":9542.0,"last":14.913,"time":1651237300.0570443}}
1651237300.1811748: {"channel":"orderbook","market":"USD/TRY","type":"update","data":{"time":1651237300.0570443,"checksum":4178681994,"bids":[[13.9753,0.0]],"asks":[],"action":"update"}}
1651237300.1875315: {"channel":"ticker","market":"LTC/USDT","type":"update","data":{"bid":100.62,"ask":100.625,"bidSize":70.45,"askSize":7.62,"last":100.625,"time":1651237300.0546024}}
1651237300.1875753: {"channel":"orderbook","market":"LTC/USDT","type":"update","data":{"time":1651237300.0546024,"checksum":1733476429,"bids":[],"asks":[],"action":"update"}}
1651237300.1961932: {"channel":"ticker","market":"ETH/USD","type":"update","data":{"bid":2861.7,"ask":2861.8,"bidSize":4.513,"askSize":2.552,"last":2861.7,"time":1651237300.07057}}
1651237300.1967573: {"channel":"orderbook","market":"ETH/USD","type":"update","data":{"time":1651237300.07057,"checksum":490713031,"bids":[],"asks":[[2867.5,0.174],[2874.1,0.0]],"action":"update"}}
1651237300.1976075: {"channel":"ticker","market":"ETH/USDT","type":"update","data":{"bid":2861.7,"ask":2861.8,"bidSize":2.74,"askSize":2.0,"last":2861.5,"time":1651237300.072864}}
1651237300.1976306: {"channel":"orderbook","market":"ETH/USDT","type":"update","data":{"time":1651237300.072864,"checksum":2057812260,"bids":[[2858.8,2.354],[2842.5,0.0]],"asks":[],"action":"update"}}
1651237300.2156258: {"channel":"ticker","market":"ETH/USD","type":"update","data":{"bid":2861.7,"ask":2861.8,"bidSize":4.513,"askSize":2.552,"last":2861.7,"time":1651237300.0887268}}
1651237300.2156837: {"channel":"orderbook","market":"ETH/USD","type":"update","data":{"time":1651237300.0887268,"checksum":3121443887,"bids":[[2860.4,36.065]],"asks":[[2861.9,0.002],[2863.2,13.068],[2874.0,0.0]],"action":"update"}}
1651237300.2281766: {"channel":"ticker","market":"ETH/USDT","type":"update","data":{"bid":2861.7,"ask":2861.8,"bidSize":2.74,"askSize":2.0,"last":2861.5,"time":1651237300.0940645}}
1651237300.2282138: {"channel":"orderbook","market":"ETH/USDT","type":"update","data":{"time":1651237300.0940645,"checksum":2743606871,"bids":[[2860.5,11.445]],"asks":[],"action":"update"}}
1651237300.228246: {"channel":"ticker","market":"SHIB/USD","type":"update","data":{"bid":0.00002262,"ask":0.00002263,"bidSize":61700000.0,"askSize":18000000.0,"last":0.00002263,"time":1651237300.09457}}
1651237300.2282648: {"channel":"orderbook","market":"SHIB/USD","type":"update","data":{"time":1651237300.09457,"checksum":3391986333,"bids":[],"asks":[],"action":"update"}}
1651237300.2404099: {"channel":"ticker","market":"ETH/USD","type":"update","data":{"bid":2861.7,"ask":2861.8,"bidSize":4.513,"askSize":2.552,"last":2861.7,"time":1651237300.1128125}}
1651237300.2404516: {"channel":"orderbook","market":"ETH/USD","type":"update","data":{"time":1651237300.1128125,"checksum":3970241582,"bids":[[2860.5,0.0],[2860.2,2.795],[2850.0,2.702]],"asks":[[2862.6,4.73],[2863.5,1.915],[2865.0,0.003]],"action":"update"}}
1651237300.2428744: {"channel":"ticker","market":"ETH/USDT","type":"update","data":{"bid":2861.7,"ask":2861.8,"bidSize":2.74,"askSize":2.0,"last":2861.5,"time":1651237300.1175776}}
1651237300.2429087: {"channel":"orderbook","market":"ETH/USDT","type":"update","data":{"time":1651237300.1175776,"checksum":3033058424,"bids":[[2860.8,23.129]],"asks":[[2865.8,272.867]],"action":"update"}}
1651237300.2540462: {"channel":"ticker","market":"SOL/USD","type":"update","data":{"bid":95.9175,"ask":95.93,"bidSize":0.01,"askSize":51.0,"last":95.925,"time":1651237300.126893}}
1651237300.2540834: {"channel":"orderbook","market":"SOL/USD","type":"update","data":{"time":1651237300.126893,"checksum":2154514478,"bids":[[95.895,75.0]],"asks":[],"action":"update"}}
1651237300.2653716: {"channel":"ticker","market":"ETH/USD","type":"update","data":{"bid":2861.7,"ask":2861.8,"bidSize":4.513,"askSize":2.552,"last":2861.7,"time":1651237300.136567}}
1651237300.2654116: {"channel":"orderbook","market":"ETH/USD","type":"update","data":{"time":1651237300.136567,"checksum":3969059556,"bids":[[2860.5,7.599],[2860.3,15.856],[2850.0,0.0]],"asks":[[2862.6,4.381]],"action":"update"}}
1651237300.2941134: {"channel":"ticker","market":"ETH/USDT","type":"update","data":{"bid":2861.7,"ask":2861.8,"bidSize":2.74,"askSize":2.161,"last":2861.5,"time":1651237300.1686168}}
1651237300.2941701: {"channel":"orderbook","market":"ETH/USDT","type":"update","data":{"time":1651237300.1686168,"checksum":2652080315,"bids":[[2860.8,27.138],[2860.2,5.175],[2858.7,0.002],[2845.1,0.058],[2842.8,0.0],[2842.7,0.0]],"asks":[[2861.8,2.161]],"action":"update"}}
1651237300.3071125: {"channel":"ticker","market":"SOL/USD","type":"update","data":{"bid":95.9175,"ask":95.93,"bidSize":0.01,"askSize":87.0,"last":95.925,"time":1651237300.1817586}}
1651237300.3071434: {"channel":"orderbook","market":"SOL/USD","type":"update","data":{"time":1651237300.1817586,"checksum":717070235,"bids":[],"asks":[[95.93,87.0]],"action":"update"}}
1651237300.3131142: {"channel":"ticker","market":"ETH/USD","type":"update","data":{"bid":2861.7,"ask":2861.8,"bidSize":4.513,"askSize":2.552,"last":2861.7,"time":1651237300.1862948}}
1651237300.3131545: {"channel":"orderbook","market":"ETH/USD","type":"update","data":{"time":1651237300.1862948,"checksum":675853697,"bids":[[2861.2,13.827]],"asks":[[2862.7,15.679]],"action":"update"}}
1651237300.3198903: {"channel":"ticker","market":"ETH/USDT","type":"update","data":{"bid":2861.7,"ask":2861.8,"bidSize":2.74,"askSize":2.322,"last":2861.5,"time":1651237300.192752}}
1651237300.3199363: {"channel":"orderbook","market":"ETH/USDT","type":"update","data":{"time":1651237300.192752,"checksum":1838886169,"bids":[],"asks":[[2861.8,2.322]],"action":"update"}}
1651237300.3323588: {"channel":"ticker","market":"DAI/USD","type":"update","data":{"bid":0.9998,"ask":0.9999,"bidSize":11371.1,"askSize":27441.1,"last":0.9998,"time":1651237300.2023878}}
1651237300.3324044: {"channel":"orderbook","market":"DAI/USD","type":"update","data":{"time":1651237300.2023878,"checksum":280434518,"bids":[],"asks":[],"action":"update"}}
1651237300.34959: {"channel":"ticker","market":"WBTC/USD","type":"update","data":{"bid":38945.0,"ask":38982.0,"bidSize":0.0002,"askSize":0.1081,"last":38970.0,"time":1651237300.2244315}}
1651237300.349657: {"channel":"orderbook","market":"WBTC/USD","type":"update","data":{"time":1651237300.2244315,"checksum":3153251558,"bids":[[38908.0,1.02],[35606.0,0.0]],"asks":[],"action":"update"}}
1651237300.359489: {"channel":"ticker","market":"SOL/USD","type":"update","data":{"bid":95.9175,"ask":95.93,"bidSize":0.01,"askSize":87.0,"last":95.925,"time":1651237300.2332306}}
1651237300.3595192: {"channel":"orderbook","market":"SOL/USD","type":"update","data":{"time":1651237300.2332306,"checksum":3642913905,"bids":[],"asks":[[95.97,0.05],[96.4125,0.0]],"action":"update"}}
1651237300.3743696: {"channel":"ticker","market":"ETH/USDT","type":"update","data":{"bid":2861.7,"ask":2861.8,"bidSize":2.74,"askSize":2.322,"last":2861.5,"time":1651237300.2476172}}
1651237300.3744192: {"channel":"orderbook","market":"ETH/USDT","type":"update","data":{"time":1651237300.2476172,"checksum":3702987122,"bids":[],"asks":[[2862.0,0.011],[2862.1,1.748],[2883.0,0.0]],"action":"update"}}
1651237300.3840673: {"channel":"ticker","market":"ETH/USD","type":"update","data":{"bid":2861.7,"ask":2861.8,"bidSize":4.513,"askSize":2.552,"last":2861.7,"time":1651237300.2434452}}
1651237300.3840983: {"channel":"orderbook","market":"ETH/USD","type":"update","data":{"time":1651237300.2434452,"checksum":3753847813,"bids":[[2861.3,0.042],[2850.1,0.0]],"asks":[],"action":"update"}}
1651237300.391394: {"channel":"ticker","market":"ETH/USD","type":"update","data":{"bid":2861.7,"ask":2861.8,"bidSize":4.513,"askSize":2.552,"last":2861.7,"time":1651237300.2644837}}
1651237300.3914547: {"channel":"orderbook","market":"ETH/USD","type":"update","data":{"time":1651237300.2644837,"checksum":2463614356,"bids":[],"asks":[[2862.0,6.762],[2862.6,4.73]],"action":"update"}}
1651237300.400926: {"channel":"ticker","market":"ETH/USDT","type":"update","data":{"bid":2861.7,"ask":2861.8,"bidSize":2.74,"askSize":2.322,"last":2861.5,"time":1651237300.266712}}
1651237300.4009688: {"channel":"orderbook","market":"ETH/USDT","type":"update","data":{"time":1651237300.266712,"checksum":2057732067,"bids":[[2860.9,8.909]],"asks":[],"action":"update"}}
1651237300.4233994: {"channel":"ticker","market":"SHIB/USD","type":"update","data":{"bid":0.00002262,"ask":0.00002263,"bidSize":61700000.0,"askSize":18000000.0,"last":0.00002263,"time":1651237300.2952042}}
1651237300.4234526: {"channel":"orderbook","market":"SHIB/USD","type":"update","data":{"time":1651237300.2952042,"checksum":245653093,"bids":[],"asks":[[0.00002265,666700000.0]],"action":"update"}}
1651237300.423484: {"channel":"ticker","market":"ETH/USD","type":"update","data":{"bid":2861.7,"ask":2861.8,"bidSize":4.513,"askSize":2.552,"last":2861.7,"time":1651237300.296299}}
1651237300.4234974: {"channel":"orderbook","market":"ETH/USD","type":"update","data":{"time":1651237300.296299,"checksum":2054561756,"bids":[],"asks":[[2862.6,4.381],[2865.0,0.01]],"action":"update"}}
1651237300.4316456: {"channel":"ticker","market":"WBTC/USD","type":"update","data":{"bid":38945.0,"ask":38982.0,"bidSize":0.0002,"askSize":0.1081,"last":38970.0,"time":1651237300.3009028}}
1651237300.4316905: {"channel":"orderbook","market":"WBTC/USD","type":"update","data":{"time":1651237300.3009028,"checksum":2538000153,"bids":[[38900.0,0.0],[35606.0,0.0001]],"asks":[],"action":"update"}}
1651237300.464028: {"channel":"ticker","market":"USD/TRY","type":"update","data":{"bid":14.9131,"ask":14.9272,"bidSize":750.0,"askSize":9542.0,"last":14.913,"time":1651237300.3361967}}
1651237300.4640815: {"channel":"orderbook","market":"USD/TRY","type":"update","data":{"time":1651237300.3361967,"checksum":4178681994,"bids":[],"asks":[],"action":"update"}}
1651237300.4757664: {"channel":"ticker","market":"SOL/USD","type":"update","data":{"bid":95.9175,"ask":95.93,"bidSize":0.01,"askSize":87.0,"last":95.925,"time":1651237300.3436654}}
1651237300.4758224: {"channel":"orderbook","market":"SOL/USD","type":"update","data":{"time":1651237300.3436654,"checksum":2838045357,"bids":[[95.8825,425.72]],"asks":[],"action":"update"}}
1651237300.4877448: {"channel":"ticker","market":"SOL/USD","type":"update","data":{"bid":95.9175,"ask":95.93,"bidSize":0.01,"askSize":51.0,"last":95.925,"time":1651237300.3625398}}
1651237300.4877822: {"channel":"orderbook","market":"SOL/USD","type":"update","data":{"time":1651237300.3625398,"checksum":4164697099,"bids":[[95.915,0.0],[95.485,4.58]],"asks":[[95.93,51.0]],"action":"update"}}
1651237300.496046: {"channel":"ticker","market":"SHIB/USD","type":"update","data":{"bid":0.00002262,"ask":0.00002263,"bidSize":61700000.0,"askSize":18000000.0,"last":0.00002263,"time":1651237300.369376}}
1651237300.4960845: {"channel":"orderbook","market":"SHIB/USD","type":"update","data":{"time":1651237300.369376,"checksum":3060305217,"bids":[],"asks":[[0.00002266,382800000.0]],"action":"update"}}
1651237300.5182176: {"channel":"ticker","market":"ETH/USDT","type":"update","data":{"bid":2861.7,"ask":2861.8,"bidSize":2.74,"askSize":2.322,"last":2861.5,"time":1651237300.3920398}}
1651237300.5182593: {"channel":"orderbook","market":"ETH/USDT","type":"update","data":{"time":1651237300.3920398,"checksum":2712600337,"bids":[],"asks":[[2863.9,2.354]],"action":"update"}}
1651237300.5232499: {"channel":"ticker","market":"ETH/USD","type":"update","data":{"bid":2861.7,"ask":2861.8,"bidSize":4.513,"askSize":2.552,"last":2861.7,"time":1651237300.3899024}}
1651237300.523285: {"channel":"orderbook","market":"ETH/USD","type":"update","data":{"time":1651237300.3899024,"checksum":3978743955,"bids":[],"asks":[[2863.9,10.456]],"action":"update"}}
1651237300.5328827: {"channel":"ticker","market":"LTC/USDT","type":"update","data":{"bid":100.62,"ask":100.625,"bidSize":70.45,"askSize":7.62,"last":100.625,"time":1651237300.4049673}}
1651237300.532906: {"channel":"orderbook","market":"LTC/USDT","type":"update","data":{"time":1651237300.4049673,"checksum":3567184416,"bids":[[100.48,0.0],[96.55,0.23]],"asks":[],"action":"update"}}
1651237300.54333: {"channel":"ticker","market":"ETH/USD","type":"update","data":{"bid":2861.7,"ask":2861.8,"bidSize":4.513,"askSize":2.552,"last":2861.7,"time":1651237300.41396}}
1651237300.5433533: {"channel":"orderbook","market":"ETH/USD","type":"update","data":{"time":1651237300.41396,"checksum":234233934,"bids":[],"asks":[[2863.8,0.01]],"action":"update"}}
1651237300.5442598: {"channel":"ticker","market":"SOL/USD","type":"update","data":{"bid":95.9175,"ask":95.9275,"bidSize":0.01,"askSize":36.0,"last":95.925,"time":1651237300.41648}}
1651237300.5442872: {"channel":"orderbook","market":"SOL/USD","type":"update","data":{"time":1651237300.41648,"checksum":2499981198,"bids":[[95.9075,117.1],[95.8775,20.0],[95.485,0.0]],"asks":[[95.9275,36.0],[96.41,0.0]],"action":"update"}}
1651237300.5672858: {"channel":"ticker","market":"ETH/USD","type":"update","data":{"bid":2861.7,"ask":2861.8,"bidSize":4.513,"askSize":2.552,"last":2861.7,"time":1651237300.438776}}
1651237300.5673223: {"channel":"orderbook","market":"ETH/USD","type":"update","data":{"time":1651237300.438776,"checksum":1437136704,"bids":[],"asks":[[2863.2,13.25]],"action":"update"}}
1651237300.5726163: {"channel":"ticker","market":"ETH/USDT","type":"update","data":{"bid":2861.7,"ask":2861.8,"bidSize":2.74,"askSize":2.322,"last":2861.5,"time":1651237300.4464557}}
1651237300.5726464: {"channel":"orderbook","market":"ETH/USDT","type":"update","data":{"time":1651237300.4464557,"checksum":3641455622,"bids":[[2861.6,4.521],[2860.4,0.0],[2842.8,0.01]],"asks":[[2862.5,2.151],[2862.7,8.949],[2863.2,0.0],[2883.0,0.029]],"action":"update"}}
1651237300.5990589: {"channel":"ticker","market":"SOL/USD","type":"update","data":{"bid":95.9175,"ask":95.9275,"bidSize":0.01,"askSize":36.0,"last":95.925,"time":1651237300.4625401}}
1651237300.5991366: {"channel":"orderbook","market":"SOL/USD","type":"update","data":{"time":1651237300.4625401,"checksum":686189263,"bids":[],"asks":[[96.0225,0.05]],"action":"update"}}
1651237300.61168: {"channel":"ticker","market":"LTC/USDT","type":"update","data":{"bid":100.62,"ask":100.625,"bidSize":70.45,"askSize":7.62,"last":100.625,"time":1651237300.4796336}}
1651237300.6117358: {"channel":"orderbook","market":"LTC/USDT","type":"update","data":{"time":1651237300.4796336,"checksum":647723362,"bids":[],"asks":[[100.7,0.0],[103.96,0.29]],"action":"update"}}
1651237300.647986: {"channel":"ticker","market":"SOL/USD","type":"update","data":{"bid":95.9175,"ask":95.9275,"bidSize":0.01,"askSize":36.0,"last":95.925,"time":1651237300.5178478}}
1651237300.648038: {"channel":"orderbook","market":"SOL/USD","type":"update","data":{"time":1651237300.5178478,"checksum":2035976717,"bids":[[95.835,0.0],[95.485,4.58]],"asks":[],"action":"update"}}
1651237300.6480734: {"channel":"ticker","market":"ETH/USDT","type":"update","data":{"bid":2861.7,"ask":2861.8,"bidSize":2.74,"askSize":2.322,"last":2861.5,"time":1651237300.5190496}}
1651237300.6480873: {"channel":"orderbook","market":"ETH/USDT","type":"update","data":{"time":1651237300.5190496,"checksum":2855395394,"bids":[],"asks":[[2862.7,28.733]],"action":"update"}}
1651237300.6510746: {"channel":"ticker","market":"ETH/USD","type":"update","data":{"bid":2861.7,"ask":2861.8,"bidSize":4.485,"askSize":2.552,"last":2861.7,"time":1651237300.5090644}}
1651237300.651112: {"channel":"trades","market":"ETH/USD","type":"update","data":[{"id":3851103578,"price":2861.7,"size":0.028,"side":"sell","liquidation":false,"time":"2022-04-29T13:01:40.488368+00:00"}]}
1651237300.6511426: {"channel":"orderbook","market":"ETH/USD","type":"update","data":{"time":1651237300.5090644,"checksum":531407476,"bids":[[2861.7,4.485]],"asks":[[2862.6,4.73]],"action":"update"}}
1651237300.67422: {"channel":"ticker","market":"FTT/BTC","type":"update","data":{"bid":0.0010088,"ask":0.0010098,"bidSize":2.7,"askSize":3.9,"last":0.0010091,"time":1651237300.5458689}}
1651237300.6742966: {"channel":"orderbook","market":"FTT/BTC","type":"update","data":{"time":1651237300.5458689,"checksum":2903929790,"bids":[],"asks":[],"action":"update"}}
1651237300.6857562: {"channel":"ticker","market":"ETH/USD","type":"update","data":{"bid":2861.7,"ask":2861.8,"bidSize":4.485,"askSize":2.552,"last":2861.7,"time":1651237300.555694}}
