wss://ws.gate.io/v3/ <-> 1618678293.948927
wss://ws.gate.io/v3/ <- 1618678294.871637: {"method":"trades.subscribe","params":["RING_USDT","VELO_ETH","REQ_ETH","SOL3L_USDT","BTS_BTC","DUCK2_USDT","BAL3L_USDT","A5T_USDT","AVAX3L_USDT","TRX_ETH"],"id":1}
wss://ws.gate.io/v3/ <- 1618678294.871789: {"method":"depth.subscribe","params":[["RING_USDT",30,"0.00000001"],["VELO_ETH",30,"0.00000001"],["REQ_ETH",30,"0.00000001"],["SOL3L_USDT",30,"0.00000001"],["BTS_BTC",30,"0.00000001"],["DUCK2_USDT",30,"0.00000001"],["BAL3L_USDT",30,"0.00000001"],["A5T_USDT",30,"0.00000001"],["AVAX3L_USDT",30,"0.00000001"],["TRX_ETH",30,"0.00000001"]],"id":2}
1618678295.054144: {"error": null, "result": {"status": "success"}, "id": 1}
1618678295.058362: {"method": "trades.update", "params": ["RING_USDT", [{"id": 779643048, "time": 1618678105.4598711, "price": "0.18746", "amount": "139.707", "type": "buy"}, {"id": 779633840, "time": 1618678009.9118891, "price": "0.18758", "amount": "104.04", "type": "sell"}, {"id": 779626173, "time": 1618677932.889405, "price": "0.1875", "amount": "43.461", "type": "buy"}, {"id": 779620173, "time": 1618677871.596329, "price": "0.1875", "amount": "325.885", "type": "buy"}, {"id": 779612982, "time": 1618677788.441499, "price": "0.18705", "amount": "671.954", "type": "buy"}, {"id": 779608816, "time": 1618677734.533581, "price": "0.18605", "amount": "34.683", "type": "sell"}, {"id": 779602369, "time": 1618677660.426867, "price": "0.18622", "amount": "115.897", "type": "sell"}, {"id": 779598248, "time": 1618677601.915998, "price": "0.18618", "amount": "73.716", "type": "sell"}, {"id": 779594977, "time": 1618677558.356379, "price": "0.18598", "amount": "95.222", "type": "sell"}, {"id": 779590807, "time": 1618677507.786083, "price": "0.18613", "amount": "37.012", "type": "buy"}, {"id": 779584457, "time": 1618677426.368438, "price": "0.18611", "amount": "55.646", "type": "buy"}, {"id": 779579866, "time": 1618677377.8545439, "price": "0.18607", "amount": "295.66", "type": "sell"}, {"id": 779569319, "time": 1618677286.253691, "price": "0.18627", "amount": "82.179", "type": "sell"}, {"id": 779567867, "time": 1618677268.6497149, "price": "0.18631", "amount": "146.163", "type": "sell"}, {"id": 779557482, "time": 1618677163.149653, "price": "0.18613", "amount": "175.66", "type": "sell"}, {"id": 779552172, "time": 1618677113.5945351, "price": "0.18596", "amount": "185.861", "type": "sell"}, {"id": 779548719, "time": 1618677081.0392489, "price": "0.18625", "amount": "439.05", "type": "buy"}, {"id": 779537030, "time": 1618676986.805774, "price": "0.18607", "amount": "564.303", "type": "sell"}, {"id": 779531475, "time": 1618676938.238255, "price": "0.186", "amount": "28.51", "type": "sell"}, {"id": 779522678, "time": 1618676859.542922, "price": "0.18631", "amount": "171.949", "type": "buy"}, {"id": 779517508, "time": 1618676818.0291829, "price": "0.186", "amount": "68.825", "type": "buy"}, {"id": 779515139, "time": 1618676791.8947921, "price": "0.1866", "amount": "6.590462", "type": "buy"}, {"id": 779503950, "time": 1618676676.3068299, "price": "0.18614", "amount": "619.974", "type": "sell"}, {"id": 779503577, "time": 1618676673.4582291, "price": "0.18634", "amount": "78.347", "type": "sell"}, {"id": 779500923, "time": 1618676647.1481609, "price": "0.18637", "amount": "73.631", "type": "sell"}, {"id": 779494753, "time": 1618676589.821985, "price": "0.1864", "amount": "104.293", "type": "sell"}, {"id": 779484954, "time": 1618676508.172786, "price": "0.18637", "amount": "47.333", "type": "buy"}, {"id": 779476403, "time": 1618676439.5244889, "price": "0.18635", "amount": "108.731", "type": "sell"}, {"id": 779472691, "time": 1618676413.135536, "price": "0.18636", "amount": "118.442", "type": "buy"}, {"id": 779465486, "time": 1618676353.6618581, "price": "0.18641", "amount": "64.457", "type": "sell"}, {"id": 779459710, "time": 1618676302.357969, "price": "0.18633", "amount": "88.262", "type": "sell"}, {"id": 779446696, "time": 1618676195.6829779, "price": "0.18634", "amount": "75.647", "type": "sell"}, {"id": 779443262, "time": 1618676166.2139471, "price": "0.18636", "amount": "82.569", "type": "buy"}, {"id": 779436950, "time": 1618676111.996598, "price": "0.18641", "amount": "5.53132082", "type": "buy"}, {"id": 779434981, "time": 1618676101.8919871, "price": "0.1863", "amount": "224.073", "type": "buy"}, {"id": 779428627, "time": 1618676049.6779251, "price": "0.18626", "amount": "50.804", "type": "sell"}, {"id": 779417554, "time": 1618675963.076689, "price": "0.18641", "amount": "99.777", "type": "buy"}, {"id": 779409247, "time": 1618675904.65307, "price": "0.18639", "amount": "181.147", "type": "buy"}, {"id": 779404014, "time": 1618675870.895292, "price": "0.18632", "amount": "40.285", "type": "buy"}, {"id": 779399695, "time": 1618675841.7212429, "price": "0.18614", "amount": "51.98", "type": "sell"}, {"id": 779393102, "time": 1618675801.4693789, "price": "0.18632", "amount": "59.469", "type": "sell"}, {"id": 779381188, "time": 1618675725.0701039, "price": "0.1864", "amount": "22.945", "type": "buy"}, {"id": 779375270, "time": 1618675692.4562831, "price": "0.18637", "amount": "37.002", "type": "sell"}, {"id": 779365448, "time": 1618675641.0338039, "price": "0.1864", "amount": "33.142", "type": "sell"}, {"id": 779345826, "time": 1618675541.4876831, "price": "0.18632", "amount": "116.694", "type": "buy"}, {"id": 779338438, "time": 1618675504.6518681, "price": "0.18639", "amount": "47.468", "type": "sell"}, {"id": 779329659, "time": 1618675457.2788579, "price": "0.18634", "amount": "148.014", "type": "buy"}, {"id": 779301554, "time": 1618675344.6479671, "price": "0.18662", "amount": "106.346", "type": "buy"}, {"id": 779300507, "time": 1618675338.1905711, "price": "0.18653", "amount": "37.42", "type": "buy"}, {"id": 779276654, "time": 1618675247.51876, "price": "0.18706", "amount": "91.253", "type": "buy"}, {"id": 779257378, "time": 1618675090.2316749, "price": "0.18703", "amount": "97.719", "type": "buy"}, {"id": 779247462, "time": 1618674995.2914579, "price": "0.18705", "amount": "34.399354", "type": "sell"}, {"id": 779247421, "time": 1618674994.7956059, "price": "0.18705", "amount": "1513.233646", "type": "sell"}, {"id": 779247420, "time": 1618674994.795238, "price": "0.18705", "amount": "626.718354", "type": "sell"}, {"id": 779241831, "time": 1618674940.891767, "price": "0.18769", "amount": "122.534", "type": "sell"}, {"id": 779235352, "time": 1618674889.526576, "price": "0.1875", "amount": "79.091", "type": "sell"}, {"id": 779226587, "time": 1618674818.8967149, "price": "0.18746", "amount": "167.541", "type": "sell"}, {"id": 779217659, "time": 1618674737.4743769, "price": "0.1871", "amount": "87.102", "type": "buy"}, {"id": 779215525, "time": 1618674713.007185, "price": "0.18711", "amount": "115.248", "type": "buy"}, {"id": 779205468, "time": 1618674617.4049809, "price": "0.18711", "amount": "66.2", "type": "sell"}, {"id": 779200090, "time": 1618674569.888159, "price": "0.18711", "amount": "216.57", "type": "sell"}, {"id": 779197921, "time": 1618674547.9136021, "price": "0.18711", "amount": "74.053", "type": "sell"}, {"id": 779179058, "time": 1618674396.154449, "price": "0.18711", "amount": "125.334", "type": "sell"}, {"id": 779168433, "time": 1618674330.6145091, "price": "0.18711", "amount": "68.812", "type": "buy"}, {"id": 779164969, "time": 1618674308.0142159, "price": "0.1871", "amount": "87.343", "type": "sell"}, {"id": 779153754, "time": 1618674232.61023, "price": "0.18713", "amount": "312.617", "type": "sell"}, {"id": 779136664, "time": 1618674126.532675, "price": "0.1876", "amount": "136.151", "type": "sell"}, {"id": 779115909, "time": 1618673963.3952661, "price": "0.18752", "amount": "84.634", "type": "sell"}, {"id": 779110741, "time": 1618673910.730917, "price": "0.18771", "amount": "66.603", "type": "sell"}, {"id": 779105392, "time": 1618673859.23633, "price": "0.18771", "amount": "122.87", "type": "buy"}, {"id": 779094965, "time": 1618673778.9132121, "price": "0.18769", "amount": "84.49", "type": "sell"}, {"id": 779091975, "time": 1618673757.444309, "price": "0.18747", "amount": "118.748", "type": "sell"}, {"id": 779088927, "time": 1618673740.574955, "price": "0.18799", "amount": "7.06023774", "type": "buy"}, {"id": 779082481, "time": 1618673682.0185261, "price": "0.1876", "amount": "105.669", "type": "buy"}, {"id": 779073016, "time": 1618673591.558861, "price": "0.18758", "amount": "135.905", "type": "buy"}, {"id": 779067535, "time": 1618673532.0823441, "price": "0.1875", "amount": "57.276", "type": "buy"}, {"id": 779067210, "time": 1618673529.237407, "price": "0.18705", "amount": "45.235646", "type": "sell"}, {"id": 779064163, "time": 1618673495.680635, "price": "0.18708", "amount": "65.853", "type": "sell"}, {"id": 779056910, "time": 1618673416.19684, "price": "0.18716", "amount": "51.772", "type": "sell"}, {"id": 779051368, "time": 1618673349.5058529, "price": "0.18719", "amount": "30.16", "type": "sell"}, {"id": 779049227, "time": 1618673322.248256, "price": "0.18726", "amount": "35.397", "type": "sell"}, {"id": 779044018, "time": 1618673256.5712781, "price": "0.1873", "amount": "74.683", "type": "buy"}, {"id": 779032443, "time": 1618673148.3806829, "price": "0.18735", "amount": "225.767", "type": "sell"}, {"id": 779025830, "time": 1618673082.9215679, "price": "0.18725", "amount": "286.813", "type": "sell"}, {"id": 779010963, "time": 1618672965.9170899, "price": "0.18756", "amount": "34.956", "type": "buy"}, {"id": 779006083, "time": 1618672924.509167, "price": "0.18787", "amount": "9.445", "type": "sell"}, {"id": 779006082, "time": 1618672924.50895, "price": "0.18795", "amount": "45.58891909", "type": "sell"}, {"id": 779005998, "time": 1618672924.0128989, "price": "0.18795", "amount": "626.36508091", "type": "sell"}, {"id": 779005997, "time": 1618672924.012624, "price": "0.18796", "amount": "1501.85991909", "type": "sell"}, {"id": 779005995, "time": 1618672924.0108199, "price": "0.18796", "amount": "2132.537", "type": "sell"}, {"id": 779004457, "time": 1618672913.5239871, "price": "0.18809", "amount": "199.892", "type": "buy"}, {"id": 778994205, "time": 1618672834.587805, "price": "0.18818", "amount": "150.175", "type": "sell"}, {"id": 778987045, "time": 1618672788.155591, "price": "0.18817", "amount": "169.574", "type": "sell"}, {"id": 778976618, "time": 1618672716.5007169, "price": "0.18824", "amount": "211.538", "type": "buy"}, {"id": 778969405, "time": 1618672646.7942891, "price": "0.18825", "amount": "187.1", "type": "buy"}, {"id": 778953413, "time": 1618672502.53319, "price": "0.18797", "amount": "325.993", "type": "sell"}, {"id": 778952090, "time": 1618672488.882771, "price": "0.18797", "amount": "150.799", "type": "buy"}, {"id": 778945935, "time": 1618672424.91787, "price": "0.18841", "amount": "555.054", "type": "buy"}, {"id": 778941104, "time": 1618672366.457011, "price": "0.18796", "amount": "129.45108091", "type": "sell"}, {"id": 778941101, "time": 1618672366.4296811, "price": "0.18796", "amount": "88.271", "type": "sell"}]], "id": null}
1618678295.24411: {"method": "trades.update", "params": ["VELO_ETH", [{"id": 779656865, "time": 1618678266.6303959, "price": "0.0003669", "amount": "11.805", "type": "sell"}, {"id": 779647443, "time": 1618678151.880137, "price": "0.000368", "amount": "40.29", "type": "buy"}, {"id": 779640089, "time": 1618678073.3527989, "price": "0.0003645", "amount": "39.978", "type": "sell"}, {"id": 779629902, "time": 1618677968.4045939, "price": "0.000368", "amount": "31.906", "type": "sell"}, {"id": 779621381, "time": 1618677886.989079, "price": "0.0003636", "amount": "12.487", "type": "sell"}, {"id": 779617757, "time": 1618677846.649411, "price": "0.000369", "amount": "92.254", "type": "buy"}, {"id": 779613373, "time": 1618677793.9509809, "price": "0.0003633", "amount": "72.252", "type": "sell"}, {"id": 779607242, "time": 1618677715.5205679, "price": "0.0003661", "amount": "9.82", "type": "buy"}, {"id": 779601219, "time": 1618677645.3710921, "price": "0.0003644", "amount": "33.027", "type": "buy"}, {"id": 779599201, "time": 1618677613.8087609, "price": "0.0003594", "amount": "21.289", "type": "buy"}, {"id": 779593044, "time": 1618677539.356112, "price": "0.0003601", "amount": "0.00049751", "type": "buy"}, {"id": 779593035, "time": 1618677539.3131731, "price": "0.0003601", "amount": "25.892", "type": "buy"}, {"id": 779588498, "time": 1618677478.6563001, "price": "0.0003548", "amount": "10.834", "type": "buy"}, {"id": 779583425, "time": 1618677414.2689869, "price": "0.0003524", "amount": "16.382", "type": "buy"}, {"id": 779576859, "time": 1618677349.7505529, "price": "0.0003539", "amount": "86.704", "type": "buy"}, {"id": 779571074, "time": 1618677301.0724299, "price": "0.0003536", "amount": "24.18", "type": "buy"}, {"id": 779567458, "time": 1618677264.8146429, "price": "0.0003523", "amount": "43.189", "type": "buy"}, {"id": 779556756, "time": 1618677156.939786, "price": "0.0003499", "amount": "52.247", "type": "sell"}, {"id": 779553024, "time": 1618677122.5799091, "price": "0.0003509", "amount": "55.02", "type": "sell"}, {"id": 779530686, "time": 1618676931.0144839, "price": "0.0003521", "amount": "8.439", "type": "buy"}, {"id": 779528570, "time": 1618676908.385453, "price": "0.0003503", "amount": "51.259", "type": "buy"}, {"id": 779517163, "time": 1618676815.013664, "price": "0.0003524", "amount": "20.355", "type": "buy"}, {"id": 779509437, "time": 1618676733.893322, "price": "0.0003525", "amount": "15.224", "type": "buy"}, {"id": 779508670, "time": 1618676725.367892, "price": "0.000351", "amount": "23.344", "type": "sell"}, {"id": 779502220, "time": 1618676659.201946, "price": "0.0003519", "amount": "21.88", "type": "buy"}, {"id": 779491966, "time": 1618676569.6521261, "price": "0.0003503", "amount": "31.112", "type": "buy"}, {"id": 779488826, "time": 1618676540.9799731, "price": "0.0003514", "amount": "14.087", "type": "sell"}, {"id": 779466069, "time": 1618676359.5787029, "price": "0.0003584", "amount": "18.773", "type": "sell"}, {"id": 779455936, "time": 1618676267.0969689, "price": "0.0003575", "amount": "25.768", "type": "buy"}, {"id": 779446776, "time": 1618676196.6017931, "price": "0.000358", "amount": "22.042", "type": "sell"}, {"id": 779445132, "time": 1618676179.2647631, "price": "0.0003553", "amount": "24.262", "type": "sell"}, {"id": 779436466, "time": 1618676108.991287, "price": "0.0003547", "amount": "65.881", "type": "sell"}, {"id": 779417670, "time": 1618675963.9302649, "price": "0.0003579", "amount": "29.248", "type": "buy"}, {"id": 779410344, "time": 1618675913.516588, "price": "0.0003597", "amount": "52.78", "type": "sell"}, {"id": 779404454, "time": 1618675873.86538, "price": "0.0003572", "amount": "11.773", "type": "sell"}, {"id": 779395351, "time": 1618675814.3326859, "price": "0.0003554", "amount": "17.477", "type": "buy"}, {"id": 779386154, "time": 1618675754.0262289, "price": "0.0003537", "amount": "6.786", "type": "sell"}, {"id": 779375255, "time": 1618675692.37077, "price": "0.0003593", "amount": "10.781", "type": "sell"}, {"id": 779358997, "time": 1618675608.8558669, "price": "0.0003577", "amount": "9.72", "type": "buy"}, {"id": 779343684, "time": 1618675531.360182, "price": "0.000361", "amount": "34.017", "type": "buy"}, {"id": 779341460, "time": 1618675518.619319, "price": "0.00036", "amount": "13.93", "type": "buy"}, {"id": 779323798, "time": 1618675431.289283, "price": "0.0003606", "amount": "43.491", "type": "buy"}, {"id": 779305092, "time": 1618675362.462559, "price": "0.000362", "amount": "31.096", "type": "sell"}, {"id": 779300249, "time": 1618675336.9744561, "price": "0.0003523", "amount": "11.216", "type": "buy"}, {"id": 779274971, "time": 1618675239.586962, "price": "0.0003531", "amount": "27.22", "type": "sell"}, {"id": 779265679, "time": 1618675172.0267661, "price": "0.0003527", "amount": "11.736", "type": "buy"}, {"id": 779260759, "time": 1618675120.558362, "price": "0.0003541", "amount": "37.415", "type": "buy"}, {"id": 779253549, "time": 1618675058.2393169, "price": "0.0003547", "amount": "29.011", "type": "sell"}, {"id": 779249397, "time": 1618675017.5070651, "price": "0.0003574", "amount": "23.767", "type": "buy"}, {"id": 779239167, "time": 1618674919.7974119, "price": "0.0003583", "amount": "36.133", "type": "buy"}, {"id": 779238643, "time": 1618674915.3845999, "price": "0.0003584", "amount": "23.27", "type": "buy"}, {"id": 779229534, "time": 1618674841.9153709, "price": "0.000358", "amount": "49.241", "type": "sell"}, {"id": 779219682, "time": 1618674757.3804369, "price": "0.0003582", "amount": "25.477", "type": "sell"}, {"id": 779215981, "time": 1618674717.812866, "price": "0.0003549", "amount": "33.994", "type": "sell"}, {"id": 779208028, "time": 1618674640.2577529, "price": "0.0003539", "amount": "19.613", "type": "sell"}, {"id": 779200083, "time": 1618674569.7976849, "price": "0.0003521", "amount": "64.661", "type": "sell"}, {"id": 779198349, "time": 1618674551.9683361, "price": "0.0003569", "amount": "21.812", "type": "sell"}, {"id": 779189682, "time": 1618674471.421633, "price": "0.0003563", "amount": "108.53", "type": "sell"}, {"id": 779176012, "time": 1618674377.021425, "price": "0.0003574", "amount": "36.975", "type": "buy"}, {"id": 779159934, "time": 1618674269.9496751, "price": "0.0003538", "amount": "26.008", "type": "sell"}, {"id": 779153480, "time": 1618674230.6717229, "price": "0.0003547", "amount": "92.628", "type": "buy"}, {"id": 779142893, "time": 1618674162.9608941, "price": "0.0003505", "amount": "54.336", "type": "buy"}, {"id": 779137330, "time": 1618674130.3440721, "price": "0.0003523", "amount": "40.555", "type": "sell"}, {"id": 779124494, "time": 1618674064.7873771, "price": "0.0003524", "amount": "24.049", "type": "buy"}, {"id": 779116671, "time": 1618673972.2578001, "price": "0.0003502", "amount": "25.331", "type": "buy"}, {"id": 779112736, "time": 1618673929.612258, "price": "0.000351", "amount": "19.927", "type": "sell"}, {"id": 779106734, "time": 1618673874.2220449, "price": "0.0003501", "amount": "36.896", "type": "sell"}, {"id": 779098745, "time": 1618673803.8831279, "price": "0.0003514", "amount": "25.255", "type": "buy"}, {"id": 779087516, "time": 1618673730.3521211, "price": "0.0003485", "amount": "35.685", "type": "sell"}, {"id": 779084846, "time": 1618673704.919852, "price": "0.0003487", "amount": "31.688", "type": "buy"}, {"id": 779074716, "time": 1618673607.5965331, "price": "0.000346", "amount": "41.025", "type": "buy"}, {"id": 779068644, "time": 1618673545.9650171, "price": "0.0003445", "amount": "17.338", "type": "buy"}, {"id": 779061399, "time": 1618673467.602761, "price": "0.0003476", "amount": "19.705", "type": "buy"}, {"id": 779058485, "time": 1618673438.238097, "price": "0.0003475", "amount": "15.499", "type": "sell"}, {"id": 779052740, "time": 1618673367.662684, "price": "0.0003437", "amount": "9.141", "type": "buy"}, {"id": 779048452, "time": 1618673313.1787741, "price": "0.000346", "amount": "10.673", "type": "buy"}, {"id": 779045831, "time": 1618673280.68736, "price": "0.0003447", "amount": "22.609", "type": "sell"}, {"id": 779038252, "time": 1618673199.9022701, "price": "0.0003446", "amount": "128.808", "type": "sell"}, {"id": 779028918, "time": 1618673115.44243, "price": "0.0003432", "amount": "68.659", "type": "sell"}, {"id": 779022700, "time": 1618673050.929235, "price": "0.000348", "amount": "86.042", "type": "buy"}, {"id": 779017488, "time": 1618673006.3111141, "price": "0.0003496", "amount": "66.28", "type": "buy"}, {"id": 779008225, "time": 1618672942.036099, "price": "0.0003473", "amount": "45.098", "type": "sell"}, {"id": 779002688, "time": 1618672898.306489, "price": "0.0003489", "amount": "60.162", "type": "buy"}, {"id": 778993156, "time": 1618672828.6477931, "price": "0.0003445", "amount": "45.702", "type": "buy"}, {"id": 778987250, "time": 1618672789.804846, "price": "0.0003415", "amount": "51.988", "type": "buy"}, {"id": 778976256, "time": 1618672714.4435201, "price": "0.0003412", "amount": "64.762", "type": "buy"}, {"id": 778970562, "time": 1618672662.698797, "price": "0.0003412", "amount": "57.177", "type": "sell"}, {"id": 778962642, "time": 1618672575.1631219, "price": "0.0003469", "amount": "38.872", "type": "sell"}, {"id": 778960507, "time": 1618672555.400105, "price": "0.0003454", "amount": "98.516", "type": "buy"}, {"id": 778944376, "time": 1618672408.039664, "price": "0.0003468", "amount": "127.595", "type": "sell"}, {"id": 778932651, "time": 1618672264.1622419, "price": "0.0003405", "amount": "24.215", "type": "buy"}, {"id": 778931165, "time": 1618672245.7590699, "price": "0.0003456", "amount": "128.102", "type": "sell"}, {"id": 778924202, "time": 1618672163.0034189, "price": "0.0003477", "amount": "12.982", "type": "sell"}, {"id": 778920004, "time": 1618672116.4354651, "price": "0.0003435", "amount": "86.231", "type": "sell"}, {"id": 778910720, "time": 1618672025.0410669, "price": "0.000344", "amount": "52.184", "type": "buy"}, {"id": 778905728, "time": 1618671979.5273099, "price": "0.0003477", "amount": "40.028", "type": "buy"}, {"id": 778897033, "time": 1618671904.150476, "price": "0.000345", "amount": "35.337", "type": "buy"}, {"id": 778890566, "time": 1618671862.6513729, "price": "0.0003461", "amount": "36.589", "type": "buy"}, {"id": 778883338, "time": 1618671813.2200589, "price": "0.0003429", "amount": "109.681", "type": "buy"}, {"id": 778876011, "time": 1618671751.6895249, "price": "0.0003438", "amount": "47.532", "type": "sell"}]], "id": null}
1618678295.245203: {"method": "trades.update", "params": ["REQ_ETH", [{"id": 779654388, "time": 1618678236.4536021, "price": "0.00007502", "amount": "69.015", "type": "sell"}, {"id": 779649904, "time": 1618678179.0197549, "price": "0.00007585", "amount": "21.491", "type": "sell"}, {"id": 779640231, "time": 1618678075.5527101, "price": "0.00007558", "amount": "21.197", "type": "sell"}, {"id": 779639385, "time": 1618678061.951437, "price": "0.00007628", "amount": "15.653", "type": "sell"}, {"id": 779632785, "time": 1618677996.4877141, "price": "0.00007574", "amount": "17.043", "type": "buy"}, {"id": 779615680, "time": 1618677824.752095, "price": "0.00007598", "amount": "49.259", "type": "sell"}, {"id": 779614989, "time": 1618677814.0381751, "price": "0.00007604", "amount": "37.953", "type": "sell"}, {"id": 779607732, "time": 1618677721.8548219, "price": "0.00007436", "amount": "13.448", "type": "buy"}, {"id": 779605485, "time": 1618677692.4394491, "price": "0.00007596", "amount": "17.419", "type": "sell"}, {"id": 779595149, "time": 1618677559.4544201, "price": "0.00007586", "amount": "14.313", "type": "buy"}, {"id": 779589529, "time": 1618677490.6299889, "price": "0.00007504", "amount": "13.326", "type": "buy"}, {"id": 779586434, "time": 1618677448.373816, "price": "0.00007532", "amount": "13.276", "type": "buy"}, {"id": 779579441, "time": 1618677373.649086, "price": "0.00007582", "amount": "44.494", "type": "sell"}, {"id": 779570016, "time": 1618677292.1293671, "price": "0.00007513", "amount": "13.31", "type": "sell"}, {"id": 779565106, "time": 1618677241.755096, "price": "0.00007586", "amount": "22.051", "type": "buy"}, {"id": 779561418, "time": 1618677202.045825, "price": "0.00007592", "amount": "26.474", "type": "sell"}, {"id": 779552947, "time": 1618677121.6967511, "price": "0.00007519", "amount": "28.23", "type": "buy"}, {"id": 779548566, "time": 1618677080.174499, "price": "0.00007569", "amount": "66.487", "type": "sell"}, {"id": 779538698, "time": 1618676999.7858109, "price": "0.00007518", "amount": "87.246", "type": "buy"}, {"id": 779531262, "time": 1618676936.281678, "price": "0.0000764", "amount": "13.089", "type": "buy"}, {"id": 779524291, "time": 1618676873.645999, "price": "0.00007588", "amount": "26.017", "type": "sell"}, {"id": 779520620, "time": 1618676842.135154, "price": "0.00007579", "amount": "13.194", "type": "sell"}, {"id": 779514844, "time": 1618676787.7847879, "price": "0.00007542", "amount": "13.259", "type": "sell"}, {"id": 779509019, "time": 1618676728.4616311, "price": "0.00007525", "amount": "13.289", "type": "buy"}, {"id": 779502315, "time": 1618676660.2347031, "price": "0.0000753", "amount": "13.28", "type": "sell"}, {"id": 779483877, "time": 1618676499.003422, "price": "0.00007436", "amount": "13.448", "type": "buy"}, {"id": 779480918, "time": 1618676471.461107, "price": "0.00007504", "amount": "16.658", "type": "sell"}, {"id": 779471705, "time": 1618676408.165503, "price": "0.00007442", "amount": "18.27", "type": "buy"}, {"id": 779466890, "time": 1618676366.7337251, "price": "0.00007514", "amount": "13.308", "type": "buy"}, {"id": 779457344, "time": 1618676282.1400051, "price": "0.00007514", "amount": "13.479", "type": "sell"}, {"id": 779439754, "time": 1618676135.2561629, "price": "0.00007416", "amount": "13.484", "type": "buy"}, {"id": 779431416, "time": 1618676075.0553219, "price": "0.00007444", "amount": "34.513", "type": "buy"}, {"id": 779424548, "time": 1618676020.6179321, "price": "0.00007535", "amount": "13.271", "type": "sell"}, {"id": 779418439, "time": 1618675969.333766, "price": "0.000074", "amount": "15.552", "type": "sell"}, {"id": 779408183, "time": 1618675896.486304, "price": "0.00007513", "amount": "27.782", "type": "buy"}, {"id": 779405699, "time": 1618675881.093313, "price": "0.00007426", "amount": "13.466", "type": "sell"}, {"id": 779390335, "time": 1618675779.7174859, "price": "0.0000751", "amount": "13.315", "type": "sell"}, {"id": 779380900, "time": 1618675723.016356, "price": "0.00007517", "amount": "13.303", "type": "buy"}, {"id": 779375889, "time": 1618675695.5397451, "price": "0.00007502", "amount": "13.329", "type": "sell"}, {"id": 779360831, "time": 1618675619.134198, "price": "0.00007515", "amount": "13.306", "type": "buy"}, {"id": 779332870, "time": 1618675472.9102149, "price": "0.00007492", "amount": "13.347", "type": "sell"}, {"id": 779324903, "time": 1618675436.425528, "price": "0.00007488", "amount": "23.026", "type": "buy"}, {"id": 779309668, "time": 1618675378.6456211, "price": "0.00007481", "amount": "16.543", "type": "buy"}, {"id": 779297237, "time": 1618675323.098866, "price": "0.00007591", "amount": "13.173", "type": "buy"}, {"id": 779274308, "time": 1618675236.445611, "price": "0.00007449", "amount": "14.186", "type": "sell"}, {"id": 779267906, "time": 1618675196.1450009, "price": "0.00007396", "amount": "13.52", "type": "sell"}, {"id": 779263399, "time": 1618675146.674577, "price": "0.00007482", "amount": "19.468", "type": "buy"}, {"id": 779253981, "time": 1618675062.327641, "price": "0.00007441", "amount": "15.204", "type": "buy"}, {"id": 779250891, "time": 1618675031.683038, "price": "0.00007474", "amount": "13.379", "type": "sell"}, {"id": 779242141, "time": 1618674943.0293429, "price": "0.000075", "amount": "18.978", "type": "buy"}, {"id": 779233802, "time": 1618674876.4890931, "price": "0.000075", "amount": "13.333", "type": "buy"}, {"id": 779227953, "time": 1618674828.941232, "price": "0.00007435", "amount": "26.067", "type": "sell"}, {"id": 779217843, "time": 1618674739.412132, "price": "0.00007428", "amount": "13.507", "type": "buy"}, {"id": 779214680, "time": 1618674704.018611, "price": "0.00007467", "amount": "17.763", "type": "sell"}, {"id": 779202412, "time": 1618674594.7949131, "price": "0.00007453", "amount": "33.585", "type": "sell"}, {"id": 779197810, "time": 1618674547.2935431, "price": "0.00007418", "amount": "13.48", "type": "buy"}, {"id": 779189536, "time": 1618674469.7499371, "price": "0.00007456", "amount": "57.02", "type": "buy"}, {"id": 779182061, "time": 1618674417.020149, "price": "0.00007428", "amount": "19.559", "type": "buy"}, {"id": 779172727, "time": 1618674358.560183, "price": "0.00007414", "amount": "13.487", "type": "sell"}, {"id": 779161625, "time": 1618674284.0100279, "price": "0.00007472", "amount": "13.539", "type": "sell"}, {"id": 779152966, "time": 1618674226.6789539, "price": "0.00007466", "amount": "48.382", "type": "buy"}, {"id": 779142743, "time": 1618674161.9792359, "price": "0.00007458", "amount": "28.075", "type": "buy"}, {"id": 779135833, "time": 1618674121.5694301, "price": "0.00007405", "amount": "21.213", "type": "buy"}, {"id": 779120278, "time": 1618674013.96506, "price": "0.00007409", "amount": "13.497", "type": "buy"}, {"id": 779115989, "time": 1618673964.158392, "price": "0.00007362", "amount": "13.583", "type": "buy"}, {"id": 779110034, "time": 1618673903.5246999, "price": "0.00007416", "amount": "13.484", "type": "buy"}, {"id": 779102374, "time": 1618673833.2305501, "price": "0.00007362", "amount": "19.29", "type": "buy"}, {"id": 779099183, "time": 1618673807.91833, "price": "0.00007423", "amount": "13.471", "type": "buy"}, {"id": 779092029, "time": 1618673757.5148799, "price": "0.00007409", "amount": "18.454", "type": "sell"}, {"id": 779079265, "time": 1618673654.1165271, "price": "0.00007416", "amount": "16.381", "type": "buy"}, {"id": 779077374, "time": 1618673637.5078571, "price": "0.00007423", "amount": "21.024", "type": "buy"}, {"id": 779068294, "time": 1618673541.0348239, "price": "0.00007484", "amount": "13.361", "type": "sell"}, {"id": 779063279, "time": 1618673484.78776, "price": "0.0000743", "amount": "13.458", "type": "sell"}, {"id": 779056635, "time": 1618673412.2575719, "price": "0.00007477", "amount": "13.374", "type": "sell"}, {"id": 779053723, "time": 1618673380.8794751, "price": "0.00007362", "amount": "13.583", "type": "sell"}, {"id": 779049093, "time": 1618673321.1380191, "price": "0.00007409", "amount": "13.497", "type": "buy"}, {"id": 779042959, "time": 1618673243.6165581, "price": "0.00007471", "amount": "13.385", "type": "buy"}, {"id": 779023877, "time": 1618673061.774991, "price": "0.00007403", "amount": "44.468", "type": "sell"}, {"id": 779007514, "time": 1618672936.0360191, "price": "0.00007409", "amount": "23.242", "type": "sell"}, {"id": 779003375, "time": 1618672905.324863, "price": "0.00007501", "amount": "30.766", "type": "sell"}, {"id": 778996541, "time": 1618672854.618978, "price": "0.00007543", "amount": "22.948", "type": "buy"}, {"id": 778985166, "time": 1618672770.824017, "price": "0.00007519", "amount": "25.96", "type": "buy"}, {"id": 778978325, "time": 1618672730.3722529, "price": "0.00007505", "amount": "32.37", "type": "sell"}, {"id": 778970649, "time": 1618672663.616982, "price": "0.00007491", "amount": "28.632", "type": "buy"}, {"id": 778965739, "time": 1618672608.7176051, "price": "0.00007307", "amount": "42.84287962", "type": "sell"}, {"id": 778955113, "time": 1618672516.6120219, "price": "0.00007382", "amount": "50.678", "type": "sell"}, {"id": 778941862, "time": 1618672376.2935071, "price": "0.00007603", "amount": "83.914", "type": "buy"}, {"id": 778941722, "time": 1618672374.4455531, "price": "0.00007531", "amount": "15.014", "type": "buy"}, {"id": 778934830, "time": 1618672290.2396359, "price": "0.00007609", "amount": "13.142", "type": "buy"}, {"id": 778926934, "time": 1618672200.6087639, "price": "0.0000752", "amount": "105.174", "type": "sell"}, {"id": 778922706, "time": 1618672145.933418, "price": "0.00007478", "amount": "13.372", "type": "buy"}, {"id": 778918703, "time": 1618672103.3570769, "price": "0.00007464", "amount": "43.63", "type": "buy"}, {"id": 778911066, "time": 1618672027.8605781, "price": "0.00007504", "amount": "26.301", "type": "buy"}, {"id": 778906533, "time": 1618671986.587501, "price": "0.00007424", "amount": "20.611", "type": "sell"}, {"id": 778901696, "time": 1618671944.283663, "price": "0.00007491", "amount": "17.893", "type": "buy"}, {"id": 778890221, "time": 1618671859.741672, "price": "0.00007672", "amount": "18.147", "type": "sell"}, {"id": 778882685, "time": 1618671810.172806, "price": "0.00007368", "amount": "56.12", "type": "sell"}, {"id": 778874631, "time": 1618671738.7467699, "price": "0.00007349", "amount": "24.447", "type": "buy"}, {"id": 778868952, "time": 1618671684.2238469, "price": "0.00007356", "amount": "48.732", "type": "sell"}, {"id": 778863131, "time": 1618671634.641129, "price": "0.00007392", "amount": "159.972", "type": "sell"}]], "id": null}
1618678295.41259: {"method": "trades.update", "params": ["SOL3L_USDT", [{"id": 779656243, "time": 1618678260.764771, "price": "112.3439", "amount": "0.046", "type": "buy"}, {"id": 779653767, "time": 1618678228.3119221, "price": "112.4752", "amount": "0.504", "type": "buy"}, {"id": 779648128, "time": 1618678158.85588, "price": "112.3678", "amount": "0.159", "type": "buy"}, {"id": 779644041, "time": 1618678115.541574, "price": "112.0346", "amount": "0.156", "type": "sell"}, {"id": 779638588, "time": 1618678050.8417261, "price": "111.8217", "amount": "0.117", "type": "buy"}, {"id": 779627226, "time": 1618677943.1282899, "price": "109.4774", "amount": "0.049", "type": "sell"}, {"id": 779621805, "time": 1618677891.7304161, "price": "111.4949", "amount": "0.083", "type": "buy"}, {"id": 779621804, "time": 1618677891.7301221, "price": "111.4946", "amount": "0.12", "type": "buy"}, {"id": 779616145, "time": 1618677830.577199, "price": "109.5876", "amount": "0.374", "type": "buy"}, {"id": 779613322, "time": 1618677792.9690111, "price": "109.6027", "amount": "0.288", "type": "sell"}, {"id": 779600844, "time": 1618677637.815064, "price": "110.0237", "amount": "0.083", "type": "buy"}, {"id": 779596595, "time": 1618677579.513777, "price": "109.341", "amount": "0.108", "type": "sell"}, {"id": 779589952, "time": 1618677496.9476111, "price": "109.5558", "amount": "0.042", "type": "buy"}, {"id": 779586167, "time": 1618677445.290766, "price": "109.7706", "amount": "0.063", "type": "buy"}, {"id": 779577648, "time": 1618677357.7564471, "price": "109.2582", "amount": "0.338", "type": "sell"}, {"id": 779570118, "time": 1618677293.099411, "price": "109.3105", "amount": "0.094", "type": "sell"}, {"id": 779558826, "time": 1618677175.078239, "price": "109.8742", "amount": "0.199", "type": "sell"}, {"id": 779550561, "time": 1618677097.555604, "price": "109.2611", "amount": "0.212", "type": "buy"}, {"id": 779548727, "time": 1618677081.0765641, "price": "109.3781", "amount": "0.501", "type": "sell"}, {"id": 779532805, "time": 1618676948.15731, "price": "109.2951", "amount": "0.032", "type": "sell"}, {"id": 779526577, "time": 1618676890.601867, "price": "109.0256", "amount": "0.197", "type": "buy"}, {"id": 779516637, "time": 1618676810.0043969, "price": "109.2807", "amount": "0.078", "type": "buy"}, {"id": 779509912, "time": 1618676740.706356, "price": "109.7064", "amount": "0.058", "type": "sell"}, {"id": 779505116, "time": 1618676690.4723721, "price": "109.3646", "amount": "0.089", "type": "sell"}, {"id": 779502684, "time": 1618676664.2101901, "price": "109.2783", "amount": "0.084", "type": "sell"}, {"id": 779484699, "time": 1618676506.082711, "price": "108.9654", "amount": "0.054", "type": "sell"}, {"id": 779482155, "time": 1618676483.421701, "price": "108.9214", "amount": "0.124", "type": "buy"}, {"id": 779471703, "time": 1618676408.125339, "price": "109.1784", "amount": "0.135", "type": "sell"}, {"id": 779460778, "time": 1618676312.71978, "price": "110.7173", "amount": "0.072", "type": "buy"}, {"id": 779460418, "time": 1618676308.8096559, "price": "109", "amount": "2.184171", "type": "buy"}, {"id": 779454991, "time": 1618676261.16524, "price": "109.006", "amount": "0.101", "type": "sell"}, {"id": 779451471, "time": 1618676234.5076871, "price": "109.5213", "amount": "0.086", "type": "buy"}, {"id": 779443975, "time": 1618676170.347116, "price": "109.65", "amount": "0.094", "type": "sell"}, {"id": 779431811, "time": 1618676079.0328419, "price": "109.2315", "amount": "0.256", "type": "buy"}, {"id": 779424635, "time": 1618676021.542865, "price": "109.0494", "amount": "0.058", "type": "sell"}, {"id": 779418008, "time": 1618675966.325449, "price": "109.5484", "amount": "0.114", "type": "sell"}, {"id": 779406202, "time": 1618675884.0976169, "price": "109.2298", "amount": "0.046", "type": "sell"}, {"id": 779390058, "time": 1618675777.5463841, "price": "109.4371", "amount": "0.067", "type": "buy"}, {"id": 779378989, "time": 1618675711.1039381, "price": "109.4469", "amount": "0.026", "type": "buy"}, {"id": 779369030, "time": 1618675657.5994799, "price": "108.5212", "amount": "0.042", "type": "buy"}, {"id": 779356044, "time": 1618675591.864069, "price": "108.2937", "amount": "0.038", "type": "buy"}, {"id": 779351894, "time": 1618675569.490644, "price": "108.1828", "amount": "0.134", "type": "sell"}, {"id": 779334631, "time": 1618675482.855464, "price": "108.9881", "amount": "0.054", "type": "buy"}, {"id": 779316509, "time": 1618675404.384618, "price": "108.0539", "amount": "0.171", "type": "buy"}, {"id": 779303479, "time": 1618675353.61098, "price": "109.3419", "amount": "0.121", "type": "sell"}, {"id": 779281475, "time": 1618675269.6364141, "price": "107.8488", "amount": "0.12", "type": "sell"}, {"id": 779278585, "time": 1618675256.529089, "price": "110.5049", "amount": "0.103", "type": "buy"}, {"id": 779268168, "time": 1618675199.020148, "price": "111.2554", "amount": "0.044", "type": "sell"}, {"id": 779264395, "time": 1618675156.6033709, "price": "110.7612", "amount": "0.143", "type": "buy"}, {"id": 779258159, "time": 1618675097.4871659, "price": "107.5315", "amount": "1.035669", "type": "sell"}, {"id": 779253979, "time": 1618675062.3174829, "price": "110.2146", "amount": "0.111", "type": "sell"}, {"id": 779251182, "time": 1618675034.6170011, "price": "110.2738", "amount": "0.091", "type": "sell"}, {"id": 779241060, "time": 1618674935.0033269, "price": "113.3656", "amount": "0.136", "type": "sell"}, {"id": 779233592, "time": 1618674874.3955891, "price": "113.3839", "amount": "0.087", "type": "sell"}, {"id": 779226426, "time": 1618674817.3615799, "price": "113", "amount": "2.2463257", "type": "sell"}, {"id": 779219846, "time": 1618674759.3728039, "price": "111.7096", "amount": "0.097", "type": "sell"}, {"id": 779203047, "time": 1618674600.7750361, "price": "110.5283", "amount": "0.246", "type": "buy"}, {"id": 779188216, "time": 1618674459.550236, "price": "110.724", "amount": "0.417", "type": "sell"}, {"id": 779165756, "time": 1618674313.4770491, "price": "112.378", "amount": "0.076", "type": "sell"}, {"id": 779160879, "time": 1618674277.0173271, "price": "112.1977", "amount": "0.097", "type": "buy"}, {"id": 779157021, "time": 1618674250.5752101, "price": "112.8708", "amount": "0.348", "type": "buy"}, {"id": 779139948, "time": 1618674144.0905099, "price": "112.9731", "amount": "0.201", "type": "buy"}, {"id": 779128700, "time": 1618674092.401552, "price": "112.3832", "amount": "0.152", "type": "sell"}, {"id": 779122979, "time": 1618674045.7480631, "price": "112.7072", "amount": "0.09", "type": "buy"}, {"id": 779118487, "time": 1618673995.1137619, "price": "112.7057", "amount": "0.094", "type": "buy"}, {"id": 779106826, "time": 1618673875.2278559, "price": "112.6796", "amount": "0.137", "type": "sell"}, {"id": 779100062, "time": 1618673816.8985209, "price": "113.2526", "amount": "0.094", "type": "buy"}, {"id": 779085984, "time": 1618673715.3164661, "price": "112.9385", "amount": "0.132", "type": "buy"}, {"id": 779082570, "time": 1618673683.1062441, "price": "113.7305", "amount": "0.117", "type": "sell"}, {"id": 779076097, "time": 1618673624.4321001, "price": "113.5152", "amount": "0.15", "type": "sell"}, {"id": 779071285, "time": 1618673574.0053439, "price": "114.0966", "amount": "0.063", "type": "buy"}, {"id": 779059708, "time": 1618673450.2643571, "price": "112.9904", "amount": "0.057", "type": "buy"}, {"id": 779052553, "time": 1618673365.6827979, "price": "113.3461", "amount": "0.033", "type": "buy"}, {"id": 779041768, "time": 1618673232.5821919, "price": "113.3843", "amount": "0.082", "type": "buy"}, {"id": 779036916, "time": 1618673188.1752241, "price": "113.3831", "amount": "0.509", "type": "buy"}, {"id": 779029291, "time": 1618673119.4181471, "price": "112.5589", "amount": "0.252", "type": "sell"}, {"id": 779022488, "time": 1618673048.788975, "price": "113.0944", "amount": "0.318", "type": "sell"}, {"id": 779018201, "time": 1618673011.4130969, "price": "113.1697", "amount": "0.246", "type": "buy"}, {"id": 779008485, "time": 1618672944.876127, "price": "113.2813", "amount": "0.166", "type": "sell"}, {"id": 779000393, "time": 1618672877.4330859, "price": "111.5714", "amount": "0.226", "type": "sell"}, {"id": 778995443, "time": 1618672846.618366, "price": "112.9791", "amount": "0.167", "type": "buy"}, {"id": 778987615, "time": 1618672793.078805, "price": "112.8826", "amount": "0.189", "type": "buy"}, {"id": 778973769, "time": 1618672694.3829091, "price": "112.9172", "amount": "0.236", "type": "buy"}, {"id": 778971319, "time": 1618672671.669292, "price": "113.5858", "amount": "0.208", "type": "sell"}, {"id": 778964232, "time": 1618672591.268533, "price": "112.8519", "amount": "0.144", "type": "sell"}, {"id": 778953216, "time": 1618672500.616123, "price": "112.7892", "amount": "0.364", "type": "buy"}, {"id": 778948522, "time": 1618672448.959904, "price": "113.3696", "amount": "0.167", "type": "sell"}, {"id": 778936699, "time": 1618672317.6114781, "price": "113.6486", "amount": "0.109", "type": "sell"}, {"id": 778935109, "time": 1618672294.097667, "price": "113.7907", "amount": "0.087", "type": "buy"}, {"id": 778931635, "time": 1618672252.6708119, "price": "113.3343", "amount": "0.767", "type": "buy"}, {"id": 778916458, "time": 1618672079.389909, "price": "113.4893", "amount": "0.315", "type": "buy"}, {"id": 778914711, "time": 1618672061.994565, "price": "113.8868", "amount": "0.19", "type": "buy"}, {"id": 778903522, "time": 1618671962.5764229, "price": "112.8793", "amount": "0.149", "type": "sell"}, {"id": 778895178, "time": 1618671893.250093, "price": "113.6735", "amount": "0.129", "type": "sell"}, {"id": 778890100, "time": 1618671858.650075, "price": "112.0664", "amount": "0.136", "type": "sell"}, {"id": 778883587, "time": 1618671814.7418239, "price": "113.7665", "amount": "0.079", "type": "sell"}, {"id": 778882585, "time": 1618671809.1991069, "price": "115.7171", "amount": "0.394", "type": "buy"}, {"id": 778872392, "time": 1618671718.8145261, "price": "115.6617", "amount": "0.171", "type": "buy"}, {"id": 778871055, "time": 1618671703.1860089, "price": "115.7266", "amount": "0.342", "type": "sell"}, {"id": 778862343, "time": 1618671625.607383, "price": "116.3161", "amount": "0.902", "type": "buy"}]], "id": null}
1618678295.4177978: {"method": "trades.update", "params": ["BTS_BTC", [{"id": 779657953, "time": 1618678279.78526, "price": "0.000002421", "amount": "70.73", "type": "sell"}, {"id": 779650652, "time": 1618678188.4062669, "price": "0.000002415", "amount": "717.3", "type": "buy"}, {"id": 779645271, "time": 1618678129.0158069, "price": "0.000002421", "amount": "242.26", "type": "sell"}, {"id": 779635158, "time": 1618678021.0701399, "price": "0.00000238", "amount": "42.9", "type": "sell"}, {"id": 779634018, "time": 1618678011.949573, "price": "0.000002418", "amount": "177.73", "type": "buy"}, {"id": 779628064, "time": 1618677951.5141561, "price": "0.000002416", "amount": "192.35", "type": "buy"}, {"id": 779626756, "time": 1618677938.9941549, "price": "0.000002412", "amount": "74.49", "type": "buy"}, {"id": 779617371, "time": 1618677843.495065, "price": "0.000002415", "amount": "558.2", "type": "buy"}, {"id": 779613329, "time": 1618677793.028162, "price": "0.000002412", "amount": "431.12", "type": "sell"}, {"id": 779606364, "time": 1618677702.5903721, "price": "0.000002399", "amount": "59.4", "type": "buy"}, {"id": 779605171, "time": 1618677690.3694029, "price": "0.000002404", "amount": "198.27", "type": "buy"}, {"id": 779600826, "time": 1618677637.705997, "price": "0.000002409", "amount": "125.8", "type": "sell"}, {"id": 779596593, "time": 1618677579.4746759, "price": "0.000002407", "amount": "162.46", "type": "buy"}, {"id": 779588214, "time": 1618677475.816364, "price": "0.000002386", "amount": "63.75", "type": "buy"}, {"id": 779582995, "time": 1618677409.387392, "price": "0.000002387", "amount": "95.79", "type": "sell"}, {"id": 779579428, "time": 1618677373.5849669, "price": "0.000002379", "amount": "510.63", "type": "sell"}, {"id": 779573627, "time": 1618677320.3064809, "price": "0.000002378", "amount": "142.23", "type": "sell"}, {"id": 779565348, "time": 1618677243.6039021, "price": "0.000002385", "amount": "252.3", "type": "buy"}, {"id": 779558434, "time": 1618677171.1811609, "price": "0.000002378", "amount": "303.97", "type": "sell"}, {"id": 779555723, "time": 1618677147.545305, "price": "0.000002379", "amount": "320.85", "type": "buy"}, {"id": 779549962, "time": 1618677091.913223, "price": "0.000002375", "amount": "731.21", "type": "buy"}, {"id": 779542221, "time": 1618677025.5600591, "price": "0.000002385", "amount": "728.17", "type": "buy"}, {"id": 779531862, "time": 1618676942.077471, "price": "0.00000238", "amount": "49.27", "type": "sell"}, {"id": 779525344, "time": 1618676884.502085, "price": "0.00000238", "amount": "297.61", "type": "buy"}, {"id": 779519304, "time": 1618676832.1451199, "price": "0.00000238", "amount": "118.89", "type": "sell"}, {"id": 779514452, "time": 1618676783.696985, "price": "0.000002385", "amount": "88.66", "type": "sell"}, {"id": 779508943, "time": 1618676727.3596029, "price": "0.00000238", "amount": "135.64", "type": "buy"}, {"id": 779499855, "time": 1618676637.1934941, "price": "0.000002386", "amount": "127.21", "type": "buy"}, {"id": 779491581, "time": 1618676566.536809, "price": "0.000002386", "amount": "180.23", "type": "sell"}, {"id": 779483476, "time": 1618676494.0332689, "price": "0.000002387", "amount": "81.77", "type": "buy"}, {"id": 779481288, "time": 1618676474.5530469, "price": "0.000002376", "amount": "188.64", "type": "sell"}, {"id": 779472178, "time": 1618676410.150142, "price": "0.000002379", "amount": "205.16", "type": "sell"}, {"id": 779459029, "time": 1618676296.28738, "price": "0.000002389", "amount": "152.14", "type": "buy"}, {"id": 779448535, "time": 1618676214.55249, "price": "0.000002388", "amount": "130.34", "type": "sell"}, {"id": 779439773, "time": 1618676135.3469419, "price": "0.000002386", "amount": "142.39", "type": "sell"}, {"id": 779432587, "time": 1618676085.961977, "price": "0.000002384", "amount": "386.72", "type": "sell"}, {"id": 779423237, "time": 1618676009.4470229, "price": "0.000002378", "amount": "87.97", "type": "sell"}, {"id": 779420947, "time": 1618675989.913928, "price": "0.00000238", "amount": "172.9", "type": "buy"}, {"id": 779413711, "time": 1618675938.4816201, "price": "0.000002383", "amount": "313.43", "type": "buy"}, {"id": 779401031, "time": 1618675851.9277921, "price": "0.000002389", "amount": "69.39", "type": "sell"}, {"id": 779378169, "time": 1618675706.9687309, "price": "0.000002379", "amount": "42.03", "type": "buy"}, {"id": 779368575, "time": 1618675655.588573, "price": "0.00000239", "amount": "63.79", "type": "buy"}, {"id": 779359850, "time": 1618675613.8589139, "price": "0.00000238", "amount": "57.48", "type": "sell"}, {"id": 779343661, "time": 1618675531.278487, "price": "0.00000237", "amount": "203.47", "type": "buy"}, {"id": 779332827, "time": 1618675472.7781179, "price": "0.00000238", "amount": "82.62", "type": "sell"}, {"id": 779323278, "time": 1618675428.3996501, "price": "0.000002341", "amount": "194.3", "type": "sell"}, {"id": 779322178, "time": 1618675423.2951601, "price": "0.000002383", "amount": "257.75", "type": "sell"}, {"id": 779293502, "time": 1618675307.5695331, "price": "0.000002371", "amount": "83.389", "type": "sell"}, {"id": 779293499, "time": 1618675307.5499079, "price": "0.000002371", "amount": "142.991", "type": "sell"}, {"id": 779292016, "time": 1618675303.957552, "price": "0.000002407", "amount": "64.47", "type": "sell"}, {"id": 779276210, "time": 1618675245.567162, "price": "0.000002412", "amount": "157.06", "type": "buy"}, {"id": 779266819, "time": 1618675185.1196589, "price": "0.000002415", "amount": "67.73", "type": "buy"}, {"id": 779263134, "time": 1618675145.5048511, "price": "0.000002414", "amount": "216.72", "type": "sell"}, {"id": 779257020, "time": 1618675087.9881909, "price": "0.000002379", "amount": "170.61", "type": "sell"}, {"id": 779251366, "time": 1618675036.6161931, "price": "0.00000241", "amount": "139.05", "type": "sell"}, {"id": 779239279, "time": 1618674920.8365231, "price": "0.000002412", "amount": "211.76", "type": "buy"}, {"id": 779236712, "time": 1618674900.5147719, "price": "0.000002401", "amount": "137.16", "type": "sell"}, {"id": 779226052, "time": 1618674813.934622, "price": "0.000002408", "amount": "289.04", "type": "sell"}, {"id": 779220270, "time": 1618674763.4549761, "price": "0.000002411", "amount": "149.6", "type": "buy"}, {"id": 779213403, "time": 1618674690.828346, "price": "0.000002418", "amount": "197.38", "type": "buy"}, {"id": 779207206, "time": 1618674631.4274161, "price": "0.000002411", "amount": "113.75", "type": "buy"}, {"id": 779206826, "time": 1618674628.0618801, "price": "0.00000237", "amount": "4.21643152", "type": "buy"}, {"id": 779206824, "time": 1618674628.0588551, "price": "0.00000237", "amount": "1397.32356848", "type": "buy"}, {"id": 779206823, "time": 1618674628.058522, "price": "0.00000237", "amount": "78.17643152", "type": "buy"}, {"id": 779206817, "time": 1618674628.0136831, "price": "0.00000237", "amount": "540", "type": "buy"}, {"id": 779206807, "time": 1618674627.9305241, "price": "0.00000237", "amount": "1530.155", "type": "sell"}, {"id": 779206806, "time": 1618674627.928386, "price": "0.00000237", "amount": "150.515", "type": "sell"}, {"id": 779199920, "time": 1618674567.8814931, "price": "0.00000239", "amount": "376.28", "type": "buy"}, {"id": 779198365, "time": 1618674552.1007061, "price": "0.000002411", "amount": "127.43", "type": "sell"}, {"id": 779192273, "time": 1618674493.392617, "price": "0.000002375", "amount": "642.06", "type": "buy"}, {"id": 779184454, "time": 1618674431.1607709, "price": "0.000002382", "amount": "218.55", "type": "sell"}, {"id": 779169155, "time": 1618674334.5059021, "price": "0.000002375", "amount": "120.49", "type": "buy"}, {"id": 779151223, "time": 1618674213.4645641, "price": "0.000002378", "amount": "546.26", "type": "buy"}, {"id": 779140142, "time": 1618674145.0892961, "price": "0.00000239", "amount": "315.32", "type": "buy"}, {"id": 779126978, "time": 1618674081.4490659, "price": "0.000002414", "amount": "234.44", "type": "sell"}, {"id": 779123169, "time": 1618674047.9236889, "price": "0.000002418", "amount": "138.97", "type": "sell"}, {"id": 779104494, "time": 1618673851.2760129, "price": "0.000002407", "amount": "212.55", "type": "sell"}, {"id": 779094680, "time": 1618673775.897686, "price": "0.000002416", "amount": "145.5", "type": "buy"}, {"id": 779085730, "time": 1618673712.535182, "price": "0.000002423", "amount": "203.32", "type": "buy"}, {"id": 779084416, "time": 1618673701.8316369, "price": "0.000002421", "amount": "181.06", "type": "buy"}, {"id": 779072684, "time": 1618673588.4143851, "price": "0.000002424", "amount": "232.38", "type": "sell"}, {"id": 779069517, "time": 1618673555.0779049, "price": "0.000002411", "amount": "98.26", "type": "sell"}, {"id": 779066246, "time": 1618673519.6880391, "price": "0.000002413", "amount": "112.6", "type": "sell"}, {"id": 779057391, "time": 1618673423.1441979, "price": "0.000002422", "amount": "88.22", "type": "sell"}, {"id": 779052796, "time": 1618673368.519743, "price": "0.000002403", "amount": "51.83", "type": "buy"}, {"id": 779048576, "time": 1618673315.1282661, "price": "0.000002402", "amount": "60.92", "type": "buy"}, {"id": 779044303, "time": 1618673260.631685, "price": "0.000002407", "amount": "128.27", "type": "buy"}, {"id": 779039411, "time": 1618673210.8611131, "price": "0.000002377", "amount": "730.03", "type": "sell"}, {"id": 779028920, "time": 1618673115.495364, "price": "0.000002419", "amount": "386.39", "type": "buy"}, {"id": 779022687, "time": 1618673050.7990279, "price": "0.000002422", "amount": "490.27", "type": "sell"}, {"id": 779018719, "time": 1618673015.2468679, "price": "0.000002421", "amount": "379.5", "type": "buy"}, {"id": 779009842, "time": 1618672956.812361, "price": "0.000002416", "amount": "256.88", "type": "sell"}, {"id": 778998656, "time": 1618672867.270848, "price": "0.000002426", "amount": "343.24", "type": "sell"}, {"id": 778991859, "time": 1618672820.630646, "price": "0.000002428", "amount": "257.53", "type": "buy"}, {"id": 778984296, "time": 1618672764.063519, "price": "0.000002424", "amount": "291.15", "type": "sell"}, {"id": 778978566, "time": 1618672733.4609561, "price": "0.000002428", "amount": "361.95", "type": "sell"}, {"id": 778968257, "time": 1618672632.622957, "price": "0.000002423", "amount": "320.53", "type": "buy"}, {"id": 778964222, "time": 1618672591.141041, "price": "0.000002422", "amount": "221.23", "type": "buy"}, {"id": 778959925, "time": 1618672548.596472, "price": "0.000002426", "amount": "557.68", "type": "sell"}, {"id": 778952063, "time": 1618672488.481081, "price": "0.000002422", "amount": "258.41", "type": "sell"}]], "id": null}
1618678295.430348: {"method": "trades.update", "params": ["DUCK2_USDT", [{"id": 779658416, "time": 1618678286.6491189, "price": "1.1391", "amount": "0.877", "type": "buy"}, {"id": 779653834, "time": 1618678229.3353519, "price": "1.1447", "amount": "9.375", "type": "sell"}, {"id": 779648995, "time": 1618678169.9065721, "price": "1.1722", "amount": "2.882", "type": "sell"}, {"id": 779643801, "time": 1618678113.3575311, "price": "1.1722", "amount": "2.836", "type": "sell"}, {"id": 779624758, "time": 1618677919.7169759, "price": "1.1718", "amount": "1.95968456", "type": "buy"}, {"id": 779620989, "time": 1618677882.6752961, "price": "1.1377", "amount": "6.819", "type": "buy"}, {"id": 779612571, "time": 1618677784.959537, "price": "1.1405", "amount": "5.246", "type": "sell"}, {"id": 779610049, "time": 1618677751.527729, "price": "1.145", "amount": "0.873", "type": "sell"}, {"id": 779601412, "time": 1618677647.389622, "price": "1.1443", "amount": "2.394", "type": "buy"}, {"id": 779595551, "time": 1618677564.498034, "price": "1.1352", "amount": "1.98", "type": "buy"}, {"id": 779588499, "time": 1618677478.6636839, "price": "1.1456", "amount": "0.872", "type": "sell"}, {"id": 779585130, "time": 1618677433.2732301, "price": "1.1405", "amount": "1.153", "type": "buy"}, {"id": 779577391, "time": 1618677354.7548821, "price": "1.1385", "amount": "6.135", "type": "buy"}, {"id": 779571330, "time": 1618677303.080204, "price": "1.1366", "amount": "1.71", "type": "sell"}, {"id": 779566065, "time": 1618677249.8278019, "price": "1.1469", "amount": "3.014", "type": "buy"}, {"id": 779561241, "time": 1618677199.9099929, "price": "1.1463", "amount": "3.621", "type": "sell"}, {"id": 779553550, "time": 1618677127.583904, "price": "1.1377", "amount": "3.857", "type": "buy"}, {"id": 779547144, "time": 1618677068.9355841, "price": "1.1419", "amount": "9.092", "type": "buy"}, {"id": 779541476, "time": 1618677019.574034, "price": "1.1405", "amount": "11.869", "type": "sell"}, {"id": 779524251, "time": 1618676873.422847, "price": "1.1248", "amount": "3.616", "type": "sell"}, {"id": 779521065, "time": 1618676847.016634, "price": "1.1242", "amount": "1.445", "type": "sell"}, {"id": 779510679, "time": 1618676748.375082, "price": "1.1", "amount": "42.69973754", "type": "sell"}, {"id": 779510678, "time": 1618676748.3748651, "price": "1.1", "amount": "70.50516246", "type": "sell"}, {"id": 779510677, "time": 1618676748.3746209, "price": "1.1088", "amount": "55", "type": "sell"}, {"id": 779510676, "time": 1618676748.3742919, "price": "1.1089", "amount": "60.8681", "type": "sell"}, {"id": 779510064, "time": 1618676742.62462, "price": "1.1089", "amount": "60.868", "type": "sell"}, {"id": 779510063, "time": 1618676742.624294, "price": "1.109", "amount": "8.124", "type": "sell"}, {"id": 779505098, "time": 1618676690.3677239, "price": "1.1257", "amount": "1.646", "type": "buy"}, {"id": 779502968, "time": 1618676667.216547, "price": "1.127", "amount": "1.546", "type": "sell"}, {"id": 779496981, "time": 1618676608.659189, "price": "1.1255", "amount": "2.193", "type": "buy"}, {"id": 779489608, "time": 1618676546.988152, "price": "1.1226", "amount": "0.997", "type": "sell"}, {"id": 779483048, "time": 1618676490.381727, "price": "1.1241", "amount": "2.288", "type": "sell"}, {"id": 779467873, "time": 1618676374.957109, "price": "1.1233", "amount": "2.495", "type": "sell"}, {"id": 779464569, "time": 1618676345.585602, "price": "1.1273", "amount": "1.353", "type": "buy"}, {"id": 779457496, "time": 1618676283.127625, "price": "1.1471", "amount": "1.82", "type": "buy"}, {"id": 779452275, "time": 1618676239.616477, "price": "1.1378", "amount": "1.573", "type": "buy"}, {"id": 779440275, "time": 1618676139.26771, "price": "1.1396", "amount": "1.714", "type": "sell"}, {"id": 779432194, "time": 1618676082.993082, "price": "1.1397", "amount": "4.65", "type": "buy"}, {"id": 779430072, "time": 1618676061.4690731, "price": "1.1402", "amount": "1.053", "type": "sell"}, {"id": 779421781, "time": 1618675996.983882, "price": "1.1416", "amount": "2.068", "type": "buy"}, {"id": 779403246, "time": 1618675866.866987, "price": "1.1394", "amount": "0.877", "type": "sell"}, {"id": 779394080, "time": 1618675807.337754, "price": "1.1353", "amount": "1.239", "type": "sell"}, {"id": 779384819, "time": 1618675747.0313711, "price": "1.1372", "amount": "0.879", "type": "buy"}, {"id": 779369328, "time": 1618675659.381433, "price": "1.1467", "amount": "0.872", "type": "buy"}, {"id": 779364572, "time": 1618675636.8672929, "price": "1.1467", "amount": "0.872", "type": "buy"}, {"id": 779350945, "time": 1618675565.3623829, "price": "1.1378", "amount": "2.426", "type": "sell"}, {"id": 779324870, "time": 1618675436.2932949, "price": "1.1475", "amount": "3.051", "type": "buy"}, {"id": 779311942, "time": 1618675383.4599349, "price": "1.147", "amount": "2.197", "type": "buy"}, {"id": 779287075, "time": 1618675291.986393, "price": "1.1493", "amount": "0.87", "type": "buy"}, {"id": 779276034, "time": 1618675244.5907331, "price": "1.1445", "amount": "1.893", "type": "buy"}, {"id": 779266892, "time": 1618675186.0359981, "price": "1.1474", "amount": "0.871", "type": "sell"}, {"id": 779262768, "time": 1618675141.572607, "price": "1.1495", "amount": "2.608", "type": "buy"}, {"id": 779257599, "time": 1618675092.2436249, "price": "1.1422", "amount": "2.031", "type": "sell"}, {"id": 779246696, "time": 1618674985.505784, "price": "1.1438", "amount": "1.676", "type": "sell"}, {"id": 779237290, "time": 1618674904.3923631, "price": "1.1482", "amount": "1.639", "type": "sell"}, {"id": 779224581, "time": 1618674803.9128189, "price": "1.1449", "amount": "3.483", "type": "buy"}, {"id": 779223420, "time": 1618674793.3835831, "price": "1.1476", "amount": "1.803", "type": "sell"}, {"id": 779208612, "time": 1618674645.268152, "price": "1.1433", "amount": "1.375", "type": "sell"}, {"id": 779201436, "time": 1618674582.793895, "price": "1.1468", "amount": "4.486", "type": "sell"}, {"id": 779194197, "time": 1618674511.646518, "price": "1.1063", "amount": "4", "type": "buy"}, {"id": 779193418, "time": 1618674504.5735049, "price": "1.1063", "amount": "12.0414", "type": "sell"}, {"id": 779189588, "time": 1618674470.4325881, "price": "1.151", "amount": "7.586", "type": "sell"}, {"id": 779178326, "time": 1618674392.031884, "price": "1.155", "amount": "2.578", "type": "sell"}, {"id": 779168079, "time": 1618674328.3748059, "price": "1.154", "amount": "1.416", "type": "sell"}, {"id": 779161001, "time": 1618674277.9524341, "price": "1.149", "amount": "1.805", "type": "buy"}, {"id": 779156188, "time": 1618674245.6896119, "price": "1.153", "amount": "6.442", "type": "sell"}, {"id": 779139385, "time": 1618674139.9714749, "price": "1.1399", "amount": "3.781", "type": "buy"}, {"id": 779127657, "time": 1618674085.3554571, "price": "1.1403", "amount": "2.844", "type": "sell"}, {"id": 779121685, "time": 1618674030.795325, "price": "1.1424", "amount": "1.685", "type": "buy"}, {"id": 779117073, "time": 1618673977.2677181, "price": "1.1554", "amount": "1.744", "type": "buy"}, {"id": 779107076, "time": 1618673878.236016, "price": "1.1902", "amount": "2.46", "type": "buy"}, {"id": 779103838, "time": 1618673846.952888, "price": "1.1", "amount": "29.49483754", "type": "sell"}, {"id": 779103837, "time": 1618673846.9526861, "price": "1.1001", "amount": "174.30348827", "type": "sell"}, {"id": 779103836, "time": 1618673846.9524901, "price": "1.1439", "amount": "18.013", "type": "sell"}, {"id": 779103835, "time": 1618673846.952245, "price": "1.1824", "amount": "4.228", "type": "sell"}, {"id": 779103834, "time": 1618673846.952018, "price": "1.1824", "amount": "156.42859419", "type": "sell"}, {"id": 779103833, "time": 1618673846.951791, "price": "1.1825", "amount": "52", "type": "sell"}, {"id": 779103832, "time": 1618673846.951508, "price": "1.1828", "amount": "12.8886", "type": "sell"}, {"id": 779100061, "time": 1618673816.8891771, "price": "1.1897", "amount": "1.692", "type": "sell"}, {"id": 779083840, "time": 1618673695.915556, "price": "1.1888", "amount": "2.117", "type": "buy"}, {"id": 779076246, "time": 1618673625.602962, "price": "1.1893", "amount": "2.721", "type": "buy"}, {"id": 779070104, "time": 1618673560.023427, "price": "1.1949", "amount": "7.442", "type": "buy"}, {"id": 779068780, "time": 1618673546.9664321, "price": "1.1876", "amount": "1.148", "type": "buy"}, {"id": 779059984, "time": 1618673453.240191, "price": "1.1901", "amount": "1.033", "type": "sell"}, {"id": 779051737, "time": 1618673354.6752701, "price": "1.1927", "amount": "0.838", "type": "buy"}, {"id": 779043542, "time": 1618673250.6922829, "price": "1.1938", "amount": "1.487", "type": "sell"}, {"id": 779032631, "time": 1618673150.4510031, "price": "1.1914", "amount": "4.507", "type": "sell"}, {"id": 779027102, "time": 1618673097.93554, "price": "1.1924", "amount": "5.719", "type": "sell"}, {"id": 779018304, "time": 1618673012.3186741, "price": "1.1906", "amount": "4.422", "type": "sell"}, {"id": 779007812, "time": 1618672939.0427461, "price": "1.1935", "amount": "2.98", "type": "sell"}, {"id": 779001737, "time": 1618672888.307946, "price": "1.1918", "amount": "4.005", "type": "sell"}, {"id": 778991185, "time": 1618672814.655628, "price": "1.1908", "amount": "3.013", "type": "buy"}, {"id": 778986893, "time": 1618672786.815763, "price": "1.191", "amount": "3.401", "type": "sell"}, {"id": 778973245, "time": 1618672688.449244, "price": "1.1934", "amount": "4.236", "type": "sell"}, {"id": 778967267, "time": 1618672622.7046499, "price": "1.1925", "amount": "3.75", "type": "buy"}, {"id": 778965059, "time": 1618672601.165874, "price": "1.1926", "amount": "2.582", "type": "sell"}, {"id": 778952926, "time": 1618672498.400892, "price": "1.1933", "amount": "6.52", "type": "sell"}, {"id": 778952185, "time": 1618672490.0307219, "price": "1.196", "amount": "3.009", "type": "buy"}, {"id": 778944657, "time": 1618672411.0453579, "price": "1.1921", "amount": "11.139", "type": "sell"}, {"id": 778937422, "time": 1618672326.443898, "price": "1.193", "amount": "1.975", "type": "sell"}]], "id": null}
1618678295.431255: {"method": "trades.update", "params": ["BAL3L_USDT", [{"id": 779658411, "time": 1618678286.626853, "price": "3.5701", "amount": "2.842", "type": "buy"}, {"id": 779651313, "time": 1618678195.291446, "price": "3.5753", "amount": "29.368", "type": "buy"}, {"id": 779646732, "time": 1618678145.955116, "price": "3.5754", "amount": "9.73", "type": "sell"}, {"id": 779644221, "time": 1618678117.407012, "price": "3.5805", "amount": "9.562", "type": "sell"}, {"id": 779637588, "time": 1618678039.8140039, "price": "3.5806", "amount": "7.125", "type": "sell"}, {"id": 779628885, "time": 1618677960.3783901, "price": "3.587", "amount": "7.689", "type": "sell"}, {"id": 779622295, "time": 1618677897.970221, "price": "3.5673", "amount": "2.986", "type": "buy"}, {"id": 779617086, "time": 1618677841.5371289, "price": "3.565", "amount": "22.407", "type": "buy"}, {"id": 779609813, "time": 1618677747.5634401, "price": "3.5489", "amount": "2.377", "type": "sell"}, {"id": 779600974, "time": 1618677639.908736, "price": "3.5574", "amount": "5.043", "type": "buy"}, {"id": 779590542, "time": 1618677503.651587, "price": "3.5595", "amount": "2.53", "type": "buy"}, {"id": 779583339, "time": 1618677413.3304181, "price": "3.5638", "amount": "3.799", "type": "buy"}, {"id": 779579305, "time": 1618677372.6291809, "price": "3.5601", "amount": "20.201", "type": "buy"}, {"id": 779573824, "time": 1618677322.0781291, "price": "3.5512", "amount": "5.635", "type": "buy"}, {"id": 779565359, "time": 1618677243.6451471, "price": "3.5655", "amount": "9.984", "type": "sell"}, {"id": 779558952, "time": 1618677176.9038849, "price": "3.5491", "amount": "12.043", "type": "sell"}, {"id": 779552735, "time": 1618677119.5926361, "price": "3.569", "amount": "12.66", "type": "buy"}, {"id": 779545132, "time": 1618677050.9548039, "price": "3.5523", "amount": "29.558", "type": "sell"}, {"id": 779537902, "time": 1618676993.815069, "price": "3.5524", "amount": "29.557", "type": "sell"}, {"id": 779533185, "time": 1618676951.039161, "price": "3.5331", "amount": "1.962", "type": "sell"}, {"id": 779529072, "time": 1618676913.4163799, "price": "3.5397", "amount": "11.831", "type": "sell"}, {"id": 779519639, "time": 1618676833.99259, "price": "3.5231", "amount": "4.75", "type": "buy"}, {"id": 779512576, "time": 1618676766.714879, "price": "3.5122", "amount": "3.559", "type": "buy"}, {"id": 779507133, "time": 1618676708.3903961, "price": "3.5083", "amount": "5.44", "type": "buy"}, {"id": 779500359, "time": 1618676642.2504671, "price": "3.5053", "amount": "5.117", "type": "buy"}, {"id": 779496754, "time": 1618676606.604516, "price": "3.518", "amount": "7.224", "type": "buy"}, {"id": 779488059, "time": 1618676535.0805869, "price": "3.5148", "amount": "3.281", "type": "sell"}, {"id": 779476513, "time": 1618676440.3899801, "price": "3.517", "amount": "7.531", "type": "sell"}, {"id": 779470103, "time": 1618676396.0428691, "price": "3.5288", "amount": "8.177", "type": "buy"}, {"id": 779463561, "time": 1618676338.574523, "price": "3.5263", "amount": "4.454", "type": "buy"}, {"id": 779447517, "time": 1618676202.4797211, "price": "3.5476", "amount": "5.194", "type": "sell"}, {"id": 779441632, "time": 1618676152.262753, "price": "3.5326", "amount": "5.694", "type": "sell"}, {"id": 779438217, "time": 1618676121.997529, "price": "3.5266", "amount": "15.474", "type": "buy"}, {"id": 779423150, "time": 1618676008.513222, "price": "3.5005", "amount": "3.534", "type": "buy"}, {"id": 779421917, "time": 1618675997.9706371, "price": "3.482", "amount": "6.983", "type": "buy"}, {"id": 779414895, "time": 1618675944.417248, "price": "3.483", "amount": "12.673", "type": "buy"}, {"id": 779402675, "time": 1618675863.881269, "price": "3.5114", "amount": "2.794", "type": "sell"}, {"id": 779391554, "time": 1618675789.349026, "price": "3.5212", "amount": "4.113", "type": "sell"}, {"id": 779380025, "time": 1618675718.0849121, "price": "3.517", "amount": "1.589", "type": "buy"}, {"id": 779367208, "time": 1618675649.3918049, "price": "3.5043", "amount": "2.572", "type": "sell"}, {"id": 779355922, "time": 1618675590.8716941, "price": "3.5009", "amount": "2.306", "type": "sell"}, {"id": 779353029, "time": 1618675575.473285, "price": "3.4783", "amount": "0.417413855", "type": "buy"}, {"id": 779348919, "time": 1618675556.438339, "price": "3.4567", "amount": "8.222", "type": "sell"}, {"id": 779332793, "time": 1618675472.6524661, "price": "3.4358", "amount": "3.366", "type": "sell"}, {"id": 779325092, "time": 1618675437.346036, "price": "3.4292", "amount": "10.514", "type": "buy"}, {"id": 779288190, "time": 1618675295.9001901, "price": "3.5", "amount": "39.55701011", "type": "sell"}, {"id": 779281241, "time": 1618675269.0635431, "price": "3.5", "amount": "3.24", "type": "sell"}, {"id": 779279515, "time": 1618675261.1060591, "price": "3.5", "amount": "189.08998989", "type": "sell"}, {"id": 779279514, "time": 1618675261.105798, "price": "3.5003", "amount": "2.1571", "type": "sell"}, {"id": 779275508, "time": 1618675242.478106, "price": "3.5598", "amount": "6.268", "type": "buy"}, {"id": 779266966, "time": 1618675187.0601289, "price": "3.5667", "amount": "2.706", "type": "buy"}, {"id": 779259597, "time": 1618675110.584693, "price": "3.5651", "amount": "8.66", "type": "buy"}, {"id": 779252832, "time": 1618675051.239126, "price": "3.526", "amount": "6.776", "type": "sell"}, {"id": 779250519, "time": 1618675028.5296071, "price": "3.5209", "amount": "5.608", "type": "sell"}, {"id": 779243711, "time": 1618674956.809437, "price": "3.5292", "amount": "8.519", "type": "sell"}, {"id": 779219067, "time": 1618674751.421947, "price": "3.572", "amount": "5.964", "type": "sell"}, {"id": 779207868, "time": 1618674638.375597, "price": "3.5805", "amount": "4.522", "type": "sell"}, {"id": 779202955, "time": 1618674599.853399, "price": "3.556", "amount": "14.897", "type": "buy"}, {"id": 779195448, "time": 1618674523.9698761, "price": "3.5813", "amount": "5.058", "type": "buy"}, {"id": 779180193, "time": 1618674404.1400909, "price": "3.543", "amount": "49.2780898906", "type": "buy"}, {"id": 779180168, "time": 1618674404.0132141, "price": "3.543", "amount": "141.969", "type": "buy"}, {"id": 779176926, "time": 1618674383.0124421, "price": "3.5228", "amount": "8.702", "type": "sell"}, {"id": 779172896, "time": 1618674359.409435, "price": "3.5219", "amount": "4.779", "type": "sell"}, {"id": 779161622, "time": 1618674283.98786, "price": "3.5262", "amount": "6.058", "type": "buy"}, {"id": 779151017, "time": 1618674211.500041, "price": "3.5406", "amount": "21.6", "type": "buy"}, {"id": 779146336, "time": 1618674183.0026219, "price": "3.543", "amount": "12.526", "type": "sell"}, {"id": 779125390, "time": 1618674073.3617201, "price": "3.5839", "amount": "9.317", "type": "buy"}, {"id": 779120457, "time": 1618674015.8462651, "price": "3.5802", "amount": "5.535", "type": "sell"}, {"id": 779110867, "time": 1618673911.703778, "price": "3.5712", "amount": "4.576", "type": "buy"}, {"id": 779105663, "time": 1618673862.2067051, "price": "3.5758", "amount": "8.432", "type": "sell"}, {"id": 779094446, "time": 1618673773.8966429, "price": "3.5816", "amount": "5.788", "type": "buy"}, {"id": 779085224, "time": 1618673708.516654, "price": "3.6105", "amount": "8.06", "type": "buy"}, {"id": 779079711, "time": 1618673658.1700881, "price": "3.6348", "amount": "10.38743328", "type": "sell"}, {"id": 779073987, "time": 1618673600.5991189, "price": "3.6348", "amount": "20.29456672", "type": "sell"}, {"id": 779073972, "time": 1618673600.5018549, "price": "3.6348", "amount": "136.784", "type": "sell"}, {"id": 779067706, "time": 1618673533.981142, "price": "3.6554", "amount": "3.84", "type": "buy"}, {"id": 779062266, "time": 1618673475.6551759, "price": "3.6565", "amount": "4.404", "type": "buy"}, {"id": 779061006, "time": 1618673462.177707, "price": "3.6485", "amount": "3.471", "type": "sell"}, {"id": 779054672, "time": 1618673392.766793, "price": "3.6348", "amount": "2.03", "type": "buy"}, {"id": 779049026, "time": 1618673320.1057971, "price": "3.6199", "amount": "2.393", "type": "buy"}, {"id": 779041790, "time": 1618673232.6981699, "price": "3.6393", "amount": "5.024", "type": "sell"}, {"id": 779038604, "time": 1618673202.912956, "price": "3.6191", "amount": "29.012", "type": "sell"}, {"id": 779033658, "time": 1618673160.3997891, "price": "3.5998", "amount": "15.36", "type": "sell"}, {"id": 779024565, "time": 1618673068.7918971, "price": "3.5929", "amount": "19.541", "type": "buy"}, {"id": 779019464, "time": 1618673020.2951281, "price": "3.5765", "amount": "15.157", "type": "buy"}, {"id": 778999953, "time": 1618672874.3284011, "price": "3.5864", "amount": "13.705", "type": "buy"}, {"id": 778994118, "time": 1618672833.7717681, "price": "3.5948", "amount": "10.277", "type": "sell"}, {"id": 778980455, "time": 1618672744.912178, "price": "3.6043", "amount": "11.573", "type": "buy"}, {"id": 778967101, "time": 1618672621.616097, "price": "3.6355", "amount": "12.665", "type": "sell"}, {"id": 778954449, "time": 1618672511.4168141, "price": "3.6084", "amount": "22.2", "type": "buy"}, {"id": 778948672, "time": 1618672450.598783, "price": "3.6133", "amount": "10.255", "type": "buy"}, {"id": 778943701, "time": 1618672399.073669, "price": "3.6266", "amount": "28.952", "type": "sell"}, {"id": 778940896, "time": 1618672363.400456, "price": "3.6383", "amount": "6.667", "type": "sell"}, {"id": 778934584, "time": 1618672287.204453, "price": "3.6351", "amount": "5.346", "type": "sell"}, {"id": 778928884, "time": 1618672219.480773, "price": "3.6289", "amount": "28.934", "type": "buy"}, {"id": 778924624, "time": 1618672168.916961, "price": "3.6385", "amount": "2.924", "type": "buy"}, {"id": 778919753, "time": 1618672114.437247, "price": "3.6296", "amount": "19.225", "type": "sell"}, {"id": 778914334, "time": 1618672057.0000319, "price": "3.6107", "amount": "11.714", "type": "buy"}, {"id": 778909403, "time": 1618672013.1662631, "price": "3.5893", "amount": "356.54", "type": "sell"}, {"id": 778906236, "time": 1618671984.4531369, "price": "3.6276", "amount": "9.028", "type": "sell"}]], "id": null}
1618678295.431921: {"method": "trades.update", "params": ["A5T_USDT", [{"id": 779657548, "time": 1618678272.675209, "price": "0.592", "amount": "1720.999", "type": "buy"}, {"id": 779657547, "time": 1618678272.6749041, "price": "0.5919", "amount": "105", "type": "buy"}, {"id": 779657546, "time": 1618678272.674576, "price": "0.5914", "amount": "8.625615755", "type": "buy"}, {"id": 779655648, "time": 1618678253.61991, "price": "0.5912", "amount": "9.757", "type": "buy"}, {"id": 779650627, "time": 1618678188.274471, "price": "0.5912", "amount": "106.237", "type": "sell"}, {"id": 779645929, "time": 1618678138.837229, "price": "0.5912", "amount": "33.448", "type": "buy"}, {"id": 779644398, "time": 1618678119.3401649, "price": "0.5912", "amount": "32.917", "type": "buy"}, {"id": 779636272, "time": 1618678028.171577, "price": "0.591", "amount": "13.44", "type": "sell"}, {"id": 779628410, "time": 1618677955.3618009, "price": "0.5915", "amount": "26.505", "type": "sell"}, {"id": 779622029, "time": 1618677894.9360411, "price": "0.5915", "amount": "10.237", "type": "sell"}, {"id": 779620007, "time": 1618677869.505614, "price": "0.5915", "amount": "76.762", "type": "sell"}, {"id": 779619580, "time": 1618677865.0885251, "price": "0.591", "amount": "164.325674", "type": "sell"}, {"id": 779614981, "time": 1618677813.9675331, "price": "0.5915", "amount": "59.201", "type": "buy"}, {"id": 779614670, "time": 1618677809.2263491, "price": "0.591", "amount": "22", "type": "sell"}, {"id": 779609362, "time": 1618677741.58989, "price": "0.5914", "amount": "8.107", "type": "sell"}, {"id": 779609157, "time": 1618677739.0166521, "price": "0.592", "amount": "8.373", "type": "buy"}, {"id": 779605630, "time": 1618677694.010272, "price": "0.592", "amount": "32.491", "type": "buy"}, {"id": 779602660, "time": 1618677663.2450039, "price": "0.5914", "amount": "27.117", "type": "buy"}, {"id": 779601062, "time": 1618677641.8046689, "price": "0.592", "amount": "125.5", "type": "buy"}, {"id": 779599923, "time": 1618677624.553416, "price": "0.592", "amount": "167.224", "type": "buy"}, {"id": 779599033, "time": 1618677611.8381009, "price": "0.591", "amount": "0.22975398", "type": "buy"}, {"id": 779595838, "time": 1618677567.5786841, "price": "0.591", "amount": "12.957", "type": "buy"}, {"id": 779591618, "time": 1618677520.3311341, "price": "0.588", "amount": "22.38", "type": "sell"}, {"id": 779589969, "time": 1618677497.158504, "price": "0.5909", "amount": "135.05882", "type": "sell"}, {"id": 779588417, "time": 1618677478.0106771, "price": "0.5909", "amount": "0.006", "type": "buy"}, {"id": 779588106, "time": 1618677473.8950651, "price": "0.5909", "amount": "876.56", "type": "buy"}, {"id": 779583649, "time": 1618677417.5562201, "price": "0.5909", "amount": "9.984", "type": "buy"}, {"id": 779582870, "time": 1618677408.1969571, "price": "0.5875", "amount": "13.099", "type": "buy"}, {"id": 779578766, "time": 1618677367.617604, "price": "0.5882", "amount": "69.499", "type": "buy"}, {"id": 779574833, "time": 1618677332.0590551, "price": "0.5909", "amount": "28.413", "type": "buy"}, {"id": 779572880, "time": 1618677315.0672059, "price": "0.5878", "amount": "19.351", "type": "buy"}, {"id": 779567049, "time": 1618677259.9675169, "price": "0.5917", "amount": "680.977", "type": "sell"}, {"id": 779566371, "time": 1618677253.2521319, "price": "0.5917", "amount": "231.475", "type": "sell"}, {"id": 779566235, "time": 1618677251.44946, "price": "0.5906", "amount": "2.918", "type": "buy"}, {"id": 779566234, "time": 1618677251.4491961, "price": "0.5879", "amount": "8.04", "type": "buy"}, {"id": 779565999, "time": 1618677249.271841, "price": "0.583", "amount": "1000", "type": "sell"}, {"id": 779565998, "time": 1618677249.271554, "price": "0.5836", "amount": "8.04", "type": "sell"}, {"id": 779565997, "time": 1618677249.271275, "price": "0.5852", "amount": "2.918", "type": "sell"}, {"id": 779563263, "time": 1618677223.5028369, "price": "0.5885", "amount": "34.384", "type": "buy"}, {"id": 779560890, "time": 1618677195.915184, "price": "0.5888", "amount": "41.262", "type": "buy"}, {"id": 779553622, "time": 1618677128.443217, "price": "0.5911", "amount": "43.449", "type": "buy"}, {"id": 779546603, "time": 1618677065.9328179, "price": "0.5914", "amount": "102.746", "type": "sell"}, {"id": 779543151, "time": 1618677033.3793621, "price": "0.59", "amount": "1015.495", "type": "sell"}, {"id": 779543150, "time": 1618677033.379128, "price": "0.5901", "amount": "12.61", "type": "sell"}, {"id": 779540223, "time": 1618677010.332408, "price": "0.5923", "amount": "8.032", "type": "buy"}, {"id": 779540222, "time": 1618677010.3318191, "price": "0.5906", "amount": "2.918", "type": "buy"}, {"id": 779539036, "time": 1618677002.5712149, "price": "0.5903", "amount": "134.21", "type": "buy"}, {"id": 779538521, "time": 1618676998.3747771, "price": "0.59", "amount": "71.854105", "type": "sell"}, {"id": 779532031, "time": 1618676943.1869011, "price": "0.5879", "amount": "0.04", "type": "buy"}, {"id": 779531632, "time": 1618676940.0366099, "price": "0.5852", "amount": "6.733", "type": "sell"}, {"id": 779521848, "time": 1618676854.5642321, "price": "0.5847", "amount": "40.713", "type": "sell"}, {"id": 779518024, "time": 1618676822.011771, "price": "0.585", "amount": "16.26", "type": "buy"}, {"id": 779511748, "time": 1618676760.4349971, "price": "0.5825", "amount": "26.28895", "type": "buy"}, {"id": 779510455, "time": 1618676746.0703449, "price": "0.5825", "amount": "17", "type": "buy"}, {"id": 779510134, "time": 1618676743.0382681, "price": "0.5825", "amount": "28", "type": "buy"}, {"id": 779509818, "time": 1618676739.52285, "price": "0.5825", "amount": "13.561", "type": "buy"}, {"id": 779508171, "time": 1618676719.050338, "price": "0.5825", "amount": "230.964", "type": "sell"}, {"id": 779508170, "time": 1618676719.0501089, "price": "0.5828", "amount": "40.63", "type": "sell"}, {"id": 779508169, "time": 1618676719.0498159, "price": "0.5829", "amount": "138.803", "type": "sell"}, {"id": 779505381, "time": 1618676693.4035771, "price": "0.5847", "amount": "18.553", "type": "sell"}, {"id": 779502294, "time": 1618676660.0172999, "price": "0.5852", "amount": "17.425", "type": "buy"}, {"id": 779497808, "time": 1618676617.2445791, "price": "0.5873", "amount": "5.613", "type": "buy"}, {"id": 779494064, "time": 1618676584.6306839, "price": "0.5852", "amount": "24.685", "type": "buy"}, {"id": 779486914, "time": 1618676526.0581639, "price": "0.5856", "amount": "11.193", "type": "buy"}, {"id": 779485848, "time": 1618676518.057301, "price": "0.5879", "amount": "8", "type": "buy"}, {"id": 779479217, "time": 1618676461.674655, "price": "0.5824", "amount": "233.787", "type": "sell"}, {"id": 779478035, "time": 1618676452.660367, "price": "0.5825", "amount": "37.44", "type": "sell"}, {"id": 779478034, "time": 1618676452.6601391, "price": "0.5825", "amount": "12", "type": "sell"}, {"id": 779478033, "time": 1618676452.659873, "price": "0.5825", "amount": "12", "type": "sell"}, {"id": 779473267, "time": 1618676416.429996, "price": "0.5836", "amount": "8.04", "type": "sell"}, {"id": 779471467, "time": 1618676406.866873, "price": "0.5852", "amount": "2.918", "type": "sell"}, {"id": 779470446, "time": 1618676399.30287, "price": "0.5879", "amount": "8.04", "type": "sell"}, {"id": 779468721, "time": 1618676383.341871, "price": "0.588", "amount": "13.01841864", "type": "buy"}, {"id": 779468718, "time": 1618676383.3116319, "price": "0.588", "amount": "34.402", "type": "buy"}, {"id": 779468714, "time": 1618676383.2897589, "price": "0.588", "amount": "787.523", "type": "sell"}, {"id": 779468713, "time": 1618676383.289479, "price": "0.5882", "amount": "8.449506", "type": "sell"}, {"id": 779468675, "time": 1618676382.9414561, "price": "0.5916", "amount": "27.724", "type": "buy"}, {"id": 779464036, "time": 1618676342.1992919, "price": "0.588", "amount": "212.477", "type": "sell"}, {"id": 779464035, "time": 1618676342.199024, "price": "0.588", "amount": "2014", "type": "sell"}, {"id": 779464034, "time": 1618676342.1987219, "price": "0.5888", "amount": "304.963", "type": "sell"}, {"id": 779464033, "time": 1618676342.1984379, "price": "0.59", "amount": "45", "type": "sell"}, {"id": 779464032, "time": 1618676342.198159, "price": "0.59", "amount": "295.875", "type": "sell"}, {"id": 779464031, "time": 1618676342.197926, "price": "0.5901", "amount": "8.473", "type": "sell"}, {"id": 779464030, "time": 1618676342.1976199, "price": "0.5906", "amount": "2.918", "type": "sell"}, {"id": 779464029, "time": 1618676342.19735, "price": "0.5923", "amount": "8.04", "type": "sell"}, {"id": 779464028, "time": 1618676342.197062, "price": "0.5958", "amount": "167.84", "type": "sell"}, {"id": 779464027, "time": 1618676342.1968009, "price": "0.5958", "amount": "6.345", "type": "sell"}, {"id": 779464026, "time": 1618676342.196419, "price": "0.5961", "amount": "2.918", "type": "sell"}, {"id": 779461367, "time": 1618676317.5730431, "price": "0.5983", "amount": "14.923", "type": "buy"}, {"id": 779457744, "time": 1618676285.103755, "price": "0.598", "amount": "20.436", "type": "sell"}, {"id": 779457621, "time": 1618676283.89516, "price": "0.5965", "amount": "58.163415", "type": "buy"}, {"id": 779457615, "time": 1618676283.8613949, "price": "0.5965", "amount": "34.402", "type": "buy"}, {"id": 779457611, "time": 1618676283.8011279, "price": "0.5966", "amount": "8.04", "type": "sell"}, {"id": 779451909, "time": 1618676237.659905, "price": "0.6", "amount": "500", "type": "sell"}, {"id": 779451908, "time": 1618676237.659673, "price": "0.6", "amount": "36.545", "type": "sell"}, {"id": 779451907, "time": 1618676237.6594479, "price": "0.6", "amount": "100", "type": "sell"}, {"id": 779451906, "time": 1618676237.659219, "price": "0.6", "amount": "345.84", "type": "sell"}, {"id": 779451905, "time": 1618676237.659023, "price": "0.6", "amount": "50", "type": "sell"}, {"id": 779451904, "time": 1618676237.658823, "price": "0.6", "amount": "333.33", "type": "sell"}, {"id": 779451903, "time": 1618676237.6586201, "price": "0.6", "amount": "121.084", "type": "sell"}]], "id": null}
1618678295.5936792: {"method": "trades.update", "params": ["AVAX3L_USDT", [{"id": 779656613, "time": 1618678264.6229229, "price": "1.9516", "amount": "2.757", "type": "sell"}, {"id": 779653629, "time": 1618678226.2563479, "price": "1.949", "amount": "30.061", "type": "sell"}, {"id": 779641400, "time": 1618678088.3864951, "price": "1.9536", "amount": "9.292", "type": "sell"}, {"id": 779630473, "time": 1618677972.426775, "price": "1.9452", "amount": "7.518", "type": "sell"}, {"id": 779626178, "time": 1618677932.9061079, "price": "1.9537", "amount": "2.891", "type": "buy"}, {"id": 779618948, "time": 1618677858.798912, "price": "1.9524", "amount": "21.694", "type": "sell"}, {"id": 779614802, "time": 1618677811.130327, "price": "1.9457", "amount": "16.788", "type": "sell"}, {"id": 779608578, "time": 1618677732.5606389, "price": "1.9418", "amount": "2.303", "type": "buy"}, {"id": 779603053, "time": 1618677667.2578321, "price": "1.9452", "amount": "7.691", "type": "sell"}, {"id": 779597741, "time": 1618677595.8743629, "price": "1.9477", "amount": "4.884", "type": "sell"}, {"id": 779596264, "time": 1618677574.301069, "price": "1.9511", "amount": "6.291", "type": "sell"}, {"id": 779589748, "time": 1618677493.6210561, "price": "1.9476", "amount": "2.451", "type": "buy"}, {"id": 779577580, "time": 1618677356.88199, "price": "1.9403", "amount": "19.653", "type": "sell"}, {"id": 779574066, "time": 1618677324.3243151, "price": "1.9333", "amount": "5.488", "type": "buy"}, {"id": 779567988, "time": 1618677270.5333929, "price": "1.9509", "amount": "9.675", "type": "sell"}, {"id": 779557104, "time": 1618677159.9852021, "price": "1.9506", "amount": "11.619", "type": "buy"}, {"id": 779545570, "time": 1618677054.9327049, "price": "1.9417", "amount": "29.192", "type": "sell"}, {"id": 779537436, "time": 1618676990.7801261, "price": "1.9383", "amount": "38.128", "type": "buy"}, {"id": 779534804, "time": 1618676963.1027811, "price": "1.9364", "amount": "1.898", "type": "sell"}, {"id": 779521415, "time": 1618676851.155457, "price": "1.9399", "amount": "4.574", "type": "sell"}, {"id": 779514328, "time": 1618676781.853538, "price": "1.9328", "amount": "3.429", "type": "buy"}, {"id": 779504501, "time": 1618676683.4926541, "price": "1.9355", "amount": "5.228", "type": "buy"}, {"id": 779486030, "time": 1618676519.255583, "price": "1.9159", "amount": "3.191", "type": "sell"}, {"id": 779476065, "time": 1618676436.5343261, "price": "1.9231", "amount": "7.303", "type": "buy"}, {"id": 779467107, "time": 1618676368.7089119, "price": "1.9236", "amount": "4.329", "type": "buy"}, {"id": 779454766, "time": 1618676259.317555, "price": "1.9318", "amount": "5.901", "type": "buy"}, {"id": 779449443, "time": 1618676223.465112, "price": "1.938", "amount": "5.041", "type": "sell"}, {"id": 779442589, "time": 1618676162.1676459, "price": "1.941", "amount": "5.495", "type": "sell"}, {"id": 779432054, "time": 1618676081.887666, "price": "1.9382", "amount": "14.929", "type": "sell"}, {"id": 779428610, "time": 1618676049.633549, "price": "1.922", "amount": "3.412", "type": "sell"}, {"id": 779420950, "time": 1618675989.942122, "price": "1.9137", "amount": "6.737", "type": "sell"}, {"id": 779411955, "time": 1618675925.5751381, "price": "1.919", "amount": "12.196", "type": "sell"}, {"id": 779399870, "time": 1618675842.936316, "price": "1.939", "amount": "2.683", "type": "sell"}, {"id": 779390836, "time": 1618675784.3880539, "price": "1.9476", "amount": "3.943", "type": "buy"}, {"id": 779381772, "time": 1618675728.9242499, "price": "1.9391", "amount": "1.528", "type": "sell"}, {"id": 779369493, "time": 1618675660.3717439, "price": "1.921", "amount": "2.488", "type": "sell"}, {"id": 779359300, "time": 1618675610.941267, "price": "1.9124", "amount": "2.239", "type": "buy"}, {"id": 779349659, "time": 1618675559.316551, "price": "1.8939", "amount": "7.957", "type": "sell"}, {"id": 779341637, "time": 1618675519.580277, "price": "1.8761", "amount": "3.269", "type": "sell"}, {"id": 779321788, "time": 1618675422.1732011, "price": "1.8584", "amount": "10.287", "type": "sell"}, {"id": 779312232, "time": 1618675385.130167, "price": "1.9", "amount": "226.0572", "type": "sell"}, {"id": 779312006, "time": 1618675383.776145, "price": "1.9", "amount": "340.816", "type": "sell"}, {"id": 779301639, "time": 1618675345.443924, "price": "1.9047", "amount": "7.222", "type": "sell"}, {"id": 779284478, "time": 1618675284.014576, "price": "1.9084", "amount": "2.535", "type": "buy"}, {"id": 779281349, "time": 1618675269.3227229, "price": "1.9", "amount": "6.35", "type": "sell"}, {"id": 779266877, "time": 1618675185.961838, "price": "1.9328", "amount": "2.648", "type": "sell"}, {"id": 779262600, "time": 1618675140.4808111, "price": "1.9286", "amount": "8.488", "type": "buy"}, {"id": 779248238, "time": 1618675003.6387269, "price": "1.9179", "amount": "5.459", "type": "buy"}, {"id": 779240197, "time": 1618674927.849894, "price": "1.9142", "amount": "8.328", "type": "buy"}, {"id": 779235536, "time": 1618674891.392417, "price": "1.9188", "amount": "5.357", "type": "sell"}, {"id": 779227351, "time": 1618674824.745739, "price": "1.9302", "amount": "11.279", "type": "buy"}, {"id": 779220067, "time": 1618674761.3472011, "price": "1.9345", "amount": "5.839", "type": "sell"}, {"id": 779209886, "time": 1618674656.3179331, "price": "1.9231", "amount": "4.464", "type": "sell"}, {"id": 779200672, "time": 1618674575.7341509, "price": "1.9234", "amount": "14.604", "type": "buy"}, {"id": 779197310, "time": 1618674542.2547469, "price": "1.9282", "amount": "4.981", "type": "sell"}, {"id": 779192126, "time": 1618674492.4364679, "price": "1.9228", "amount": "24.792", "type": "buy"}, {"id": 779182092, "time": 1618674417.1694429, "price": "1.9111", "amount": "8.506", "type": "sell"}, {"id": 779169647, "time": 1618674338.5705869, "price": "1.9152", "amount": "4.66", "type": "sell"}, {"id": 779163065, "time": 1618674297.158865, "price": "1.9152", "amount": "5.914", "type": "sell"}, {"id": 779151416, "time": 1618674214.4722581, "price": "1.9144", "amount": "21.182", "type": "sell"}, {"id": 779141157, "time": 1618674151.147167, "price": "1.919", "amount": "12.262", "type": "sell"}, {"id": 779128089, "time": 1618674088.3677211, "price": "1.9257", "amount": "9.194", "type": "sell"}, {"id": 779123635, "time": 1618674053.8240509, "price": "1.9309", "amount": "5.442", "type": "buy"}, {"id": 779113343, "time": 1618673936.792428, "price": "1.9237", "amount": "4.504", "type": "sell"}, {"id": 779104301, "time": 1618673849.873208, "price": "1.9", "amount": "426.7768", "type": "sell"}, {"id": 779104300, "time": 1618673849.87273, "price": "1.9003", "amount": "4.1732", "type": "sell"}, {"id": 779100663, "time": 1618673820.708698, "price": "1.941", "amount": "5.663", "type": "sell"}, {"id": 779085597, "time": 1618673711.3502469, "price": "1.9441", "amount": "7.937", "type": "buy"}, {"id": 779083828, "time": 1618673695.8758061, "price": "1.9655", "amount": "6.991", "type": "sell"}, {"id": 779074509, "time": 1618673605.3693249, "price": "1.9716", "amount": "8.962", "type": "buy"}, {"id": 779071110, "time": 1618673572.070317, "price": "1.9793", "amount": "3.761", "type": "buy"}, {"id": 779065923, "time": 1618673516.536895, "price": "1.9728", "amount": "4.328", "type": "sell"}, {"id": 779057879, "time": 1618673430.029552, "price": "1.9799", "amount": "3.392", "type": "buy"}, {"id": 779052790, "time": 1618673368.461472, "price": "1.9693", "amount": "1.987", "type": "sell"}, {"id": 779046369, "time": 1618673286.9901879, "price": "1.9615", "amount": "2.342", "type": "buy"}, {"id": 779045802, "time": 1618673280.4697559, "price": "1.9622", "amount": "4.941", "type": "sell"}, {"id": 779036741, "time": 1618673187.2217619, "price": "1.9487", "amount": "30.61", "type": "sell"}, {"id": 779031127, "time": 1618673137.3730969, "price": "1.9476", "amount": "15.054", "type": "buy"}, {"id": 779026203, "time": 1618673087.9607921, "price": "1.9458", "amount": "19.132", "type": "sell"}, {"id": 779020423, "time": 1618673030.2797461, "price": "1.9318", "amount": "14.879", "type": "sell"}, {"id": 779007797, "time": 1618672938.9174371, "price": "1.9367", "amount": "10.028", "type": "sell"}, {"id": 778979302, "time": 1618672740.3231909, "price": "1.9581", "amount": "11.295", "type": "sell"}, {"id": 778973853, "time": 1618672695.35409, "price": "1.9669", "amount": "14.033", "type": "buy"}, {"id": 778968651, "time": 1618672636.6504159, "price": "1.9685", "amount": "12.402", "type": "sell"}, {"id": 778961236, "time": 1618672563.0118949, "price": "1.9485", "amount": "8.63", "type": "sell"}, {"id": 778957269, "time": 1618672527.421627, "price": "1.9604", "amount": "21.667", "type": "sell"}, {"id": 778944647, "time": 1618672410.946614, "price": "1.9721", "amount": "36.758", "type": "buy"}, {"id": 778940788, "time": 1618672361.6613209, "price": "1.9692", "amount": "6.532", "type": "buy"}, {"id": 778933798, "time": 1618672278.0391419, "price": "1.962", "amount": "5.252", "type": "sell"}, {"id": 778931699, "time": 1618672253.4268529, "price": "1.9516", "amount": "46.024", "type": "buy"}, {"id": 778923064, "time": 1618672150.1099651, "price": "1.9525", "amount": "2.89", "type": "buy"}, {"id": 778920533, "time": 1618672122.2913589, "price": "1.9576", "amount": "18.9", "type": "buy"}, {"id": 778913007, "time": 1618672044.850461, "price": "1.9509", "amount": "11.496", "type": "buy"}, {"id": 778899122, "time": 1618671921.3630681, "price": "1.9772", "amount": "109.194", "type": "sell"}, {"id": 778896771, "time": 1618671902.0233309, "price": "1.9807", "amount": "7.687", "type": "sell"}, {"id": 778893404, "time": 1618671882.75403, "price": "1.9827", "amount": "7.977", "type": "buy"}, {"id": 778871226, "time": 1618671704.9929819, "price": "1.9966", "amount": "20.465", "type": "buy"}, {"id": 778863881, "time": 1618671639.4654911, "price": "1.9959", "amount": "52.607", "type": "buy"}, {"id": 778857393, "time": 1618671566.097558, "price": "2.0111", "amount": "27.982", "type": "sell"}, {"id": 778854188, "time": 1618671525.8379271, "price": "2.0101", "amount": "16.317", "type": "sell"}]], "id": null}
