configuration: {"trades":["XLM-ETH","MARSH-USDT","ALEPH-ETH","EGLD3L-USDT","ZRX-ETH","SOP-USDT","SENC-ETH","SLNV2-USDT","KONO-USDT","ALN-USDT"],"l2_book":["XLM-ETH","MARSH-USDT","ALEPH-ETH","EGLD3L-USDT","ZRX-ETH","SOP-USDT","SENC-ETH","SLNV2-USDT","KONO-USDT","ALN-USDT"]}
wss://ws.gate.io/v3/ <-> 1617646740.762793
wss://ws.gate.io/v3/ <- 1617646741.5495198: {"method":"trades.subscribe","params":["KONO_USDT","SENC_ETH","ALN_USDT","XLM_ETH","EGLD3L_USDT","SLNV2_USDT","ZRX_ETH","ALEPH_ETH","MARSH_USDT","SOP_USDT"],"id":1}
wss://ws.gate.io/v3/ <- 1617646741.549628: {"method":"depth.subscribe","params":[["KONO_USDT",30,"0.00000001"],["SENC_ETH",30,"0.00000001"],["ALN_USDT",30,"0.00000001"],["XLM_ETH",30,"0.00000001"],["EGLD3L_USDT",30,"0.00000001"],["SLNV2_USDT",30,"0.00000001"],["ZRX_ETH",30,"0.00000001"],["ALEPH_ETH",30,"0.00000001"],["MARSH_USDT",30,"0.00000001"],["SOP_USDT",30,"0.00000001"]],"id":2}
1617646741.7336829: {"error": null, "result": {"status": "success"}, "id": 1}
1617646741.7351239: {"method": "trades.update", "params": ["MARSH_USDT", [{"id": 706073128, "time": 1617646719.560039, "price": "7.939", "amount": "6.301", "type": "buy"}, {"id": 706068297, "time": 1617646633.0716479, "price": "7.953", "amount": "5.631", "type": "sell"}, {"id": 706061629, "time": 1617646535.279053, "price": "7.956", "amount": "5.534", "type": "sell"}, {"id": 706056261, "time": 1617646452.91045, "price": "7.926", "amount": "8.595", "type": "sell"}, {"id": 706054902, "time": 1617646436.908432, "price": "7.926", "amount": "4.919", "type": "buy"}, {"id": 706048887, "time": 1617646329.2567761, "price": "7.938", "amount": "3.552", "type": "buy"}, {"id": 706044313, "time": 1617646260.8893559, "price": "7.941", "amount": "6.509", "type": "sell"}, {"id": 706044240, "time": 1617646260.311482, "price": "7.993", "amount": "0.616", "type": "buy"}, {"id": 706044235, "time": 1617646260.1321299, "price": "7.992", "amount": "0.609181535", "type": "buy"}, {"id": 706044234, "time": 1617646260.1318591, "price": "7.991", "amount": "0.000378", "type": "buy"}, {"id": 706044230, "time": 1617646260.084568, "price": "7.873", "amount": "0.615", "type": "sell"}, {"id": 706044228, "time": 1617646260.051574, "price": "7.991", "amount": "0.616", "type": "buy"}, {"id": 706043519, "time": 1617646248.273541, "price": "7.93", "amount": "4.936", "type": "sell"}, {"id": 706040198, "time": 1617646192.645505, "price": "7.933", "amount": "4.384", "type": "buy"}, {"id": 706036390, "time": 1617646133.2167721, "price": "7.924", "amount": "4.691", "type": "sell"}, {"id": 706031333, "time": 1617646041.794538, "price": "7.906", "amount": "1.21836307", "type": "buy"}, {"id": 706031332, "time": 1617646041.794277, "price": "7.906", "amount": "1.42146316", "type": "buy"}, {"id": 706030279, "time": 1617646026.6960549, "price": "7.89", "amount": "5.283", "type": "buy"}, {"id": 706029026, "time": 1617646010.908673, "price": "7.891", "amount": "4.732", "type": "buy"}, {"id": 706027522, "time": 1617645989.584796, "price": "7.906", "amount": "0.533", "type": "buy"}, {"id": 706021651, "time": 1617645908.415817, "price": "7.906", "amount": "3.162", "type": "buy"}, {"id": 706021391, "time": 1617645905.4565041, "price": "7.89", "amount": "6.953", "type": "buy"}, {"id": 706020451, "time": 1617645891.1025591, "price": "7.89", "amount": "13.307", "type": "buy"}, {"id": 706016585, "time": 1617645833.3498199, "price": "7.887", "amount": "5.608", "type": "buy"}, {"id": 706008515, "time": 1617645699.1914589, "price": "8.047", "amount": "2.19276505", "type": "sell"}, {"id": 706008417, "time": 1617645697.1272759, "price": "8.047", "amount": "5.1447164", "type": "sell"}, {"id": 706008098, "time": 1617645690.636287, "price": "8.047", "amount": "5.08851855", "type": "sell"}, {"id": 706007223, "time": 1617645673.9507849, "price": "7.745", "amount": "2.58131131", "type": "sell"}, {"id": 706007222, "time": 1617645673.92976, "price": "7.745", "amount": "27.558", "type": "sell"}, {"id": 706007214, "time": 1617645673.7930369, "price": "7.745", "amount": "27.669", "type": "sell"}, {"id": 706007212, "time": 1617645673.7916579, "price": "7.745", "amount": "26.46694", "type": "sell"}, {"id": 706007211, "time": 1617645673.7913411, "price": "7.746", "amount": "3.81606", "type": "sell"}, {"id": 706007210, "time": 1617645673.7768459, "price": "7.787", "amount": "0.000015035", "type": "buy"}, {"id": 706007201, "time": 1617645673.774148, "price": "7.787", "amount": "71.99", "type": "buy"}, {"id": 706007198, "time": 1617645673.708817, "price": "7.787", "amount": "5.1447164", "type": "sell"}, {"id": 706007197, "time": 1617645673.7086141, "price": "7.83", "amount": "5.11646316", "type": "sell"}, {"id": 706007196, "time": 1617645673.70838, "price": "7.86", "amount": "6.271", "type": "sell"}, {"id": 706007195, "time": 1617645673.7081561, "price": "7.86", "amount": "44.350100975", "type": "sell"}, {"id": 706007194, "time": 1617645673.707942, "price": "7.866", "amount": "35.6166", "type": "sell"}, {"id": 706007193, "time": 1617645673.70767, "price": "7.866", "amount": "11.1938", "type": "sell"}, {"id": 706007192, "time": 1617645673.7073131, "price": "7.866", "amount": "152.6424", "type": "sell"}, {"id": 706007191, "time": 1617645673.706938, "price": "7.873", "amount": "5.08851855", "type": "sell"}, {"id": 706007190, "time": 1617645673.706547, "price": "7.916", "amount": "5.06087754", "type": "sell"}, {"id": 706007189, "time": 1617645673.7060549, "price": "7.959", "amount": "5.03353519", "type": "sell"}, {"id": 706007139, "time": 1617645672.994982, "price": "8.002", "amount": "5.0064867", "type": "sell"}, {"id": 706007138, "time": 1617645672.994724, "price": "8.046", "amount": "4.97910845", "type": "sell"}, {"id": 706007137, "time": 1617645672.994436, "price": "8.047", "amount": "0.616378", "type": "sell"}, {"id": 705998101, "time": 1617645536.102905, "price": "8.12", "amount": "2.921", "type": "buy"}, {"id": 705995604, "time": 1617645494.7704079, "price": "8.118", "amount": "1.136", "type": "buy"}, {"id": 705993107, "time": 1617645459.130429, "price": "8.16", "amount": "1.989", "type": "buy"}, {"id": 705986736, "time": 1617645354.7779119, "price": "8.162", "amount": "2.916", "type": "sell"}, {"id": 705985659, "time": 1617645334.0937459, "price": "8.161", "amount": "2.544", "type": "buy"}, {"id": 705982532, "time": 1617645279.2772629, "price": "8.168", "amount": "1", "type": "buy"}, {"id": 705982427, "time": 1617645276.783818, "price": "8.152", "amount": "34.9084", "type": "buy"}, {"id": 705982426, "time": 1617645276.783556, "price": "8.152", "amount": "4.64039699", "type": "buy"}, {"id": 705982425, "time": 1617645276.7833071, "price": "8.124", "amount": "4.97910845", "type": "buy"}, {"id": 705982424, "time": 1617645276.7831099, "price": "8.08", "amount": "5.0064867", "type": "buy"}, {"id": 705982423, "time": 1617645276.7828939, "price": "8.079", "amount": "8.9703", "type": "buy"}, {"id": 705982422, "time": 1617645276.7826891, "price": "8.079", "amount": "140.27340005", "type": "buy"}, {"id": 705982421, "time": 1617645276.7824061, "price": "8.036", "amount": "5.03353519", "type": "buy"}, {"id": 705979582, "time": 1617645232.0405729, "price": "7.993", "amount": "5.06087754", "type": "buy"}, {"id": 705979581, "time": 1617645232.040374, "price": "7.949", "amount": "5.08851855", "type": "buy"}, {"id": 705979580, "time": 1617645232.040159, "price": "7.906", "amount": "5.11646316", "type": "buy"}, {"id": 705979579, "time": 1617645232.0399449, "price": "7.863", "amount": "2.43672614", "type": "buy"}, {"id": 705979578, "time": 1617645232.0392449, "price": "7.863", "amount": "5.1447164", "type": "buy"}, {"id": 705975613, "time": 1617645174.3462679, "price": "7.862", "amount": "3.917", "type": "sell"}, {"id": 705974881, "time": 1617645162.741519, "price": "7.862", "amount": "3.584", "type": "buy"}, {"id": 705966130, "time": 1617645007.6872649, "price": "7.861", "amount": "3.027", "type": "sell"}, {"id": 705964127, "time": 1617644973.342274, "price": "7.861", "amount": "3.587", "type": "sell"}, {"id": 705961186, "time": 1617644921.819279, "price": "7.861", "amount": "4.32", "type": "buy"}, {"id": 705958380, "time": 1617644877.782968, "price": "7.86", "amount": "0.45961401", "type": "sell"}, {"id": 705952062, "time": 1617644769.8604031, "price": "7.861", "amount": "5.328", "type": "buy"}, {"id": 705942618, "time": 1617644632.2882061, "price": "7.862", "amount": "5.919", "type": "buy"}, {"id": 705940955, "time": 1617644603.441731, "price": "7.861", "amount": "5.029", "type": "sell"}, {"id": 705934709, "time": 1617644514.1556621, "price": "7.861", "amount": "6.803", "type": "buy"}, {"id": 705933939, "time": 1617644502.715517, "price": "7.861", "amount": "13.357", "type": "buy"}, {"id": 705926500, "time": 1617644387.2078421, "price": "7.86", "amount": "3.729", "type": "sell"}, {"id": 705926366, "time": 1617644384.1367011, "price": "7.861", "amount": "12.85", "type": "buy"}, {"id": 705925838, "time": 1617644373.7723401, "price": "7.862", "amount": "3.505", "type": "buy"}, {"id": 705920817, "time": 1617644296.095401, "price": "7.862", "amount": "6.303", "type": "buy"}, {"id": 705916589, "time": 1617644239.6717811, "price": "7.861", "amount": "1.834", "type": "buy"}, {"id": 705909658, "time": 1617644145.390353, "price": "7.861", "amount": "3.672", "type": "sell"}, {"id": 705907180, "time": 1617644107.9793141, "price": "7.862", "amount": "2.293", "type": "buy"}, {"id": 705906390, "time": 1617644101.580246, "price": "7.86", "amount": "0.919228015", "type": "sell"}, {"id": 705904398, "time": 1617644072.666878, "price": "7.862", "amount": "4.272", "type": "buy"}, {"id": 705902571, "time": 1617644049.623033, "price": "7.86", "amount": "1.245", "type": "sell"}, {"id": 705897585, "time": 1617643981.9868081, "price": "7.861", "amount": "3.541", "type": "sell"}, {"id": 705892284, "time": 1617643918.3050089, "price": "7.861", "amount": "2.959", "type": "sell"}, {"id": 705887977, "time": 1617643865.5810189, "price": "7.861", "amount": "2.679", "type": "sell"}, {"id": 705884545, "time": 1617643830.994597, "price": "7.862", "amount": "7.766", "type": "sell"}, {"id": 705877705, "time": 1617643730.459677, "price": "7.861", "amount": "1.851", "type": "sell"}, {"id": 705875003, "time": 1617643703.3527369, "price": "7.86", "amount": "0.614057", "type": "buy"}, {"id": 705874990, "time": 1617643703.2416151, "price": "7.817", "amount": "9.179", "type": "buy"}, {"id": 705868974, "time": 1617643623.85992, "price": "7.745", "amount": "107.57022265", "type": "sell"}, {"id": 705868973, "time": 1617643623.859684, "price": "7.746", "amount": "74.8036", "type": "sell"}, {"id": 705868972, "time": 1617643623.859473, "price": "7.747", "amount": "38.414", "type": "sell"}, {"id": 705868971, "time": 1617643623.8592479, "price": "7.75", "amount": "29.832", "type": "sell"}, {"id": 705868970, "time": 1617643623.8590429, "price": "7.76", "amount": "64.458", "type": "sell"}, {"id": 705868969, "time": 1617643623.858819, "price": "7.761", "amount": "34.9084", "type": "sell"}, {"id": 705868968, "time": 1617643623.8585939, "price": "7.761", "amount": "8.9703", "type": "sell"}]], "id": null}
1617646741.735865: {"error": null, "result": {"status": "success"}, "id": 2}
1617646741.913978: {"method": "depth.update", "params": [true, {"asks": [["3.544", "20.73"], ["3.545", "17"], ["3.547", "13.33976543"], ["3.558", "10.07657696"], ["3.56", "1.918"], ["3.564", "0.579"], ["3.567", "0.348"], ["3.57", "0.60998994"], ["3.574", "0.654"], ["3.587", "9.99414516"], ["3.589", "0.383"], ["3.598", "0.60518687"], ["3.6", "0.59776165"], ["3.615", "9.91582552"], ["3.619", "0.58"], ["3.625", "0.655"], ["3.626", "0.60045885"], ["3.639", "1.918"], ["3.645", "9.83599239"], ["3.655", "0.59580413"], ["3.661", "0.58776006"], ["3.662", "0.348"], ["3.664", "0.383"], ["3.674", "9.75743448"], ["3.675", "0.579"], ["3.676", "0.654"], ["3.684", "0.59105864"], ["3.693", "193.55818348"], ["3.698", "10.2221814"], ["3.699", "106.87340359"]], "bids": [["3.5", "0.61486986"], ["3.489", "28.66"], ["3.488", "10.15746691"], ["3.477", "20.204"], ["3.476", "0.655"], ["3.474", "1.382"], ["3.472", "0.61982849"], ["3.47", "23.058"], ["3.467", "0.60793411"], ["3.465", "335.93"], ["3.46", "10.23966606"], ["3.456", "0.58"], ["3.451", "562.058"], ["3.45", "259.954"], ["3.445", "0.62468636"], ["3.44", "0.383"], ["3.436", "624.406"], ["3.435", "31.051"], ["3.432", "10.32320646"], ["3.427", "0.655"], ["3.422", "404.679"], ["3.419", "414.063"], ["3.418", "309.11862098"], ["3.409", "0.61827738"], ["3.405", "10.40506449"], ["3.403", "0.58"], ["3.402", "1.918"], ["3.4", "1516.103"], ["3.399", "7.575"], ["3.391", "0.63463418"]], "id": 740699}, "KONO_USDT"], "id": null}
1617646741.914492: {"method": "depth.update", "params": [true, {"asks": [["7.955", "2.766"], ["7.993", "2.25211249"], ["8.036", "5.03353519"], ["8.08", "5.0064867"], ["8.124", "4.97910845"], ["8.168", "0.33736481"], ["8.27", "203.26370832"], ["8.297", "7"], ["8.3", "202.438"], ["8.33", "4.875"], ["8.337", "2"], ["8.426", "38.414"], ["8.427", "74.8036"], ["8.444", "200.165"], ["8.49", "14.499"], ["8.5", "17.647"], ["8.599", "193.142"], ["8.6", "149.686"], ["8.623", "20.403"], ["8.716", "135.052"], ["8.777", "2"], ["8.883", "207.913"], ["8.931", "90.373346"], ["8.94", "5.575"], ["9", "3.124472"], ["9.053", "153.575"], ["9.063", "126.556"], ["9.084", "3.806"], ["9.201", "152.973"], ["9.202", "140.013"]], "bids": [["7.926", "34.061"], ["7.873", "4.47351855"], ["7.83", "5.11646316"], ["7.787", "5.1447164"], ["7.746", "1.77627168"], ["7.745", "58.92214148"], ["7.703", "5.20081872"], ["7.7", "4.99"], ["7.661", "5.22933123"], ["7.641", "32.62"], ["7.619", "5.2581581"], ["7.616", "27.668"], ["7.578", "5.28660683"], ["7.551", "7.9183"], ["7.55", "161.224"], ["7.54", "8.622"], ["7.537", "5.31536508"], ["7.5", "54.279"], ["7.496", "5.34443791"], ["7.474", "164.653"], ["7.47", "218.018"], ["7.459", "144.69"], ["7.458", "22.42"], ["7.455", "5.37383053"], ["7.448", "236.967"], ["7.415", "5.4028195"], ["7.382", "222.18"], ["7.375", "5.43212293"], ["7.335", "5.46174595"], ["7.319", "34.055"]], "id": 119779}, "MARSH_USDT"], "id": null}
1617646741.914866: {"method": "depth.update", "params": [true, {"asks": [["4.179", "0.968"], ["4.1797", "151.342"], ["4.2334", "0.968"], ["4.2878", "0.968"], ["4.3045", "379.136"], ["4.3421", "0.968"], ["4.3856", "112.258"], ["4.3965", "0.968"], ["4.4014", "213.861"], ["4.4509", "0.968"], ["4.477", "234.021"], ["4.5052", "0.968"], ["4.5344", "222.966"], ["4.5463", "208.455"], ["4.5596", "0.968"], ["4.5845", "178.742"], ["4.614", "0.968"], ["4.6346", "475.664"], ["4.6505", "195.277"], ["4.6683", "0.968"], ["4.7227", "0.968"], ["4.7713", "221.096"], ["4.7771", "0.968"], ["4.7904", "349.613"], ["4.8315", "0.968"], ["4.8363", "63.561"], ["4.8858", "0.968"], ["4.9402", "0.968"], ["4.9674", "238.59"], ["4.9763", "280.486"]], "bids": [["4.1133", "159.057"], ["4.1106", "34.133"], ["4.1085", "274.261"], ["4.1084", "175.337"], ["4.1078", "428.813"], ["4.1075", "269.079"], ["4.1066", "168.312"], ["4.0852", "174.284"], ["4.0788", "215.542"], ["4.0703", "0.968"], ["4.0443", "388.841"], ["4.0159", "0.968"], ["3.9761", "286.495"], ["3.9615", "0.968"], ["3.9403", "281.425"], ["3.9072", "3.527"], ["3.8528", "0.968"], ["3.849", "338.94"], ["3.8396", "95.802"], ["3.8242", "355.38"], ["3.7984", "0.968"], ["3.75", "26.268"], ["3.745", "258.539"], ["3.7441", "0.968"], ["3.6897", "0.968"], ["3.6353", "0.968"], ["3.581", "0.968"], ["3.5645", "231.295"], ["3.5596", "147.863"], ["3.5574", "327.186"]], "id": 38276392}, "EGLD3L_USDT"], "id": null}
1617646741.919947: {"method": "depth.update", "params": [true, {"asks": [["0.00012428", "145912.94270025"], ["0.000125", "12416611.091207"], ["0.00012721", "20445.876"], ["0.000129", "37417.971"], ["0.00013", "230152.197438"], ["0.00013333", "34070.249931"], ["0.00013484", "573483.4"], ["0.000135", "317145.036248"], ["0.00013636", "408570.52"], ["0.00014393", "374875.285"], ["0.00014838", "33654.67"], ["0.000149", "54037.931"], ["0.00014998", "56300"], ["0.00014999", "150832.37"], ["0.00015", "968325.714798"], ["0.00015151", "10311024.260876"], ["0.00015699", "42636.06"], ["0.00016", "2070311.01"], ["0.00016561", "150000"], ["0.0001669", "740203.7258"], ["0.000167", "46954.400198"], ["0.0001688", "999800"], ["0.00017", "23846.352"], ["0.000175", "129190"], ["0.000176", "3000000"], ["0.0001785", "1045911.138324"], ["0.000179", "71784.12"], ["0.00018", "1625367.22"], ["0.00018181", "9930266.330232"], ["0.000182", "11307862.48"]], "bids": [["0.00012164", "20445.876"], ["0.00012083", "177878.57662148"], ["0.00012003", "1219859.30039"], ["0.00012002", "520746"], ["0.00012001", "601015.21906838"], ["0.00012", "4522511.6092"], ["0.00011898", "0.091"], ["0.00011892", "37417.971"], ["0.00011886", "3000000"], ["0.00011885", "20445.876"], ["0.00011607", "20445.962"], ["0.00011389", "648690.713"], ["0.00011388", "37417.971"], ["0.00011328", "20445.876"], ["0.00011049", "20445.876"], ["0.00010885", "37417.971"], ["0.00010773", "11475946.07992202"], ["0.00010772", "3000000"], ["0.00010771", "20445.876"], ["0.00010492", "20445.876"], ["0.00010381", "37417.971"], ["0.00010214", "20445.876"], ["0.00009935", "3188673.724"], ["0.00009888", "2369735.004"], ["0.00009882", "30358.227"], ["0.00009877", "37417.971"], ["0.00009657", "20445.876"], ["0.000096", "404670.69359243"], ["0.00009515", "46629.868"], ["0.00009454", "31732.599"]], "id": 1595037}, "SOP_USDT"], "id": null}
1617646741.920295: {"method": "depth.update", "params": [true, {"asks": [["0.02427", "130.4403"], ["0.02453", "215.716"], ["0.02474", "268.84425223"], ["0.02476", "897.5773654"], ["0.02477", "2523"], ["0.02478", "215.716"], ["0.02504", "0.00814166"], ["0.0253", "215.716"], ["0.02533", "138.69"], ["0.02542", "2938.8403"], ["0.02543", "55932.773"], ["0.0255", "2450"], ["0.02556", "215.716"], ["0.02572", "224.425"], ["0.02579", "3812.53078888"], ["0.0258", "11506.6378"], ["0.02581", "7424.2112"], ["0.02582", "39529.665275"], ["0.02583", "215.716"], ["0.02594", "40971.069"], ["0.02598", "41335.244"], ["0.02602", "0.001"], ["0.02609", "215.716"], ["0.02625", "0.00779"], ["0.02636", "215.716"], ["0.02649", "649"], ["0.0265", "51456.022"], ["0.02651", "2238.908"], ["0.02657", "657"], ["0.0266", "10287.41401"]], "bids": [["0.02406", "1648.125"], ["0.02405", "11838.12239419"], ["0.02403", "3243.376"], ["0.02396", "5083.11"], ["0.02379", "714.6119134"], ["0.02378", "215.716"], ["0.02357", "219"], ["0.02353", "215.716"], ["0.02329", "215.716"], ["0.02327", "138.69"], ["0.02309", "2587.27501112"], ["0.02308", "32365.59"], ["0.02307", "24416.582"], ["0.02305", "215.716"], ["0.02303", "1000"], ["0.023", "433"], ["0.02287", "2402"], ["0.02282", "215.716"], ["0.02279", "30000"], ["0.02272", "200"], ["0.02258", "354.406"], ["0.0225", "500"], ["0.0224", "363.65"], ["0.02235", "83927.373"], ["0.0223", "64"], ["0.02228", "77223.16"], ["0.02212", "215.716"], ["0.022", "22601.2685"], ["0.02196", "6460.94"], ["0.02189", "404.406"]], "id": 1011212}, "SLNV2_USDT"], "id": null}
1617646741.920607: {"method": "depth.update", "params": [true, {"asks": [["0.60487", "80"], ["0.60488", "144.86"], ["0.60508", "104.448684"], ["0.6115", "11"], ["0.61187", "2.561"], ["0.61277", "2.516"], ["0.613", "2.92467687"], ["0.61762", "19.132"], ["0.61963", "2.516"], ["0.62152", "11.852"], ["0.62299", "67.417"], ["0.62311", "34.986"], ["0.62313", "30.78"], ["0.62314", "34.859"], ["0.6238", "14.913"], ["0.62435", "2.561"], ["0.62649", "2.516"], ["0.62994", "614.82506683"], ["0.63", "678.64"], ["0.63004", "18.803"], ["0.63335", "2.516"], ["0.635", "430.686"], ["0.63632", "1.8752"], ["0.63633", "94.3284"], ["0.63634", "13.356"], ["0.63636", "1840.344238"], ["0.63708", "2.561"], ["0.64", "375.204"], ["0.64021", "2.516"], ["0.64308", "33.898"]], "bids": [["0.5996", "157.404"], ["0.59905", "2.516"], ["0.59827", "19.265"], ["0.59587", "22.605"], ["0.59501", "3361.288"], ["0.595", "168.06"], ["0.5923", "12.374"], ["0.59229", "12.306"], ["0.59218", "2.516"], ["0.5909", "0.0023127032"], ["0.58975", "22.605"], ["0.58765", "2.561"], ["0.58638", "125.388"], ["0.58637", "12.954"], ["0.58532", "2.516"], ["0.58363", "22.605"], ["0.58051", "19.948"], ["0.58038", "9.889"], ["0.58001", "223.5723"], ["0.58", "1211.44"], ["0.57846", "2.516"], ["0.57751", "22.605"], ["0.57619", "71.42"], ["0.5759", "2.561"], ["0.5747", "15.976"], ["0.57469", "25.578"], ["0.5716", "2.516"], ["0.57138", "22.605"], ["0.56868", "42.203"], ["0.56539", "37.943"]], "id": 2079114}, "ALN_USDT"], "id": null}
1617646741.9299352: {"method": "depth.update", "params": [true, {"asks": [["0.0008837", "814.02195"], ["0.0008887", "2554.6939385"], ["0.0008961", "146.0226091"], ["0.0009012", "208.6355803"], ["0.0009066", "6.4491"], ["0.0009114", "420.774"], ["0.0009115", "430.455"], ["0.0009116", "378.5"], ["0.0009127", "222.9178808"], ["0.0009295", "233.404"], ["0.0009299", "332.898"], ["0.0009306", "358.601"], ["0.0009309", "258.467"], ["0.0009311", "214.981"], ["0.0009317", "337.525"], ["0.000932", "290.497"], ["0.0009507", "590.88"], ["0.0009698", "213.221"], ["0.0009892", "551.767"], ["0.001009", "448.535"], ["0.0010292", "472.819"], ["0.0010498", "1172.087675"], ["0.0010708", "316.128"], ["0.0010923", "290.632"], ["0.0011142", "333.869"], ["0.0011365", "328.155"], ["0.0019689", "37.21"], ["0.001969", "10"], ["0.002498", "10.864"], ["0.00252", "5"]], "bids": [["0.0008755", "250.47051"], ["0.0008753", "563.89"], ["0.0008747", "2044.1254482"], ["0.0008724", "1974.548"], ["0.0008704", "88.9794183"], ["0.0008656", "59.4155823"], ["0.0008459", "152.2186822"], ["0.0008398", "7.9720434971"], ["0.0007688", "11135.14"], ["0.0007671", "124.755"], ["0.000753", "11368.77"], ["0.0006965", "422.151"], ["0.0006932", "338.59"], ["0.00069", "423.725"], ["0.0006867", "792.737"], ["0.0006729", "795.473"], ["0.0006594", "861.671"], ["0.0006462", "425.828"], ["0.0006332", "387.158"], ["0.0006205", "603.239"], ["0.000608", "652.525"], ["0.0005958", "361.946"], ["0.0005838", "487.951"], ["0.0005721", "854.778"], ["0.0005606", "485.471"], ["0.0005493", "415.686"], ["0.0005383", "1087.893"], ["0.0005275", "749.062"], ["0.0005169", "1156.16"], ["0.0005065", "424.537"]], "id": 13280495}, "ZRX_ETH"], "id": null}
1617646741.932964: {"method": "depth.update", "params": [true, {"asks": [["0.0002387", "6900.8780127941"], ["0.000241", "23697.74498327"], ["0.0002424", "512.9"], ["0.0002442", "832.7846304"], ["0.0002478", "2026.7882153"], ["0.0002495", "2135.1588245"], ["0.0003161", "728.83"], ["0.0003208", "871.01"], ["0.0003214", "302.01"], ["0.0003267", "951.66"], ["0.0003333", "1169.47"], ["0.00034", "1170.16"], ["0.0003468", "649"], ["0.0003538", "1479.23"], ["0.0003609", "1466.52"], ["0.0003682", "1368.1"], ["0.0003756", "1483.6"], ["0.0003832", "889.38"], ["0.0003909", "1418.34"], ["0.0003988", "1019.87"], ["0.0003998", "22.82"], ["0.0004068", "961.66"], ["0.00041", "29.211324"], ["0.000415", "1043.35"], ["0.0004233", "1070.82"], ["0.0004318", "554.49"], ["0.0004405", "534.84"], ["0.0004494", "773.22"], ["0.0004568", "120.01"], ["0.0004584", "564.43"]], "bids": [["0.0002374", "30676.2157392709"], ["0.000237", "0.0049"], ["0.0002369", "455.528801"], ["0.0002353", "6785.9424435"], ["0.0002352", "85570.0508562"], ["0.0002343", "494.9021586"], ["0.0002334", "720.0776591"], ["0.0002313", "1403.7883958"], ["0.0002299", "2525.8010445"], ["0.0002298", "1210.9"], ["0.0002297", "1620.39"], ["0.0002296", "1711.54"], ["0.0002295", "984.57"], ["0.0002294", "1502.93"], ["0.0002292", "1640.64"], ["0.0002291", "1069.74"], ["0.000229", "1365.82"], ["0.0002289", "1733.98"], ["0.0002284", "1549.17"], ["0.0002283", "1547.27"], ["0.0002282", "1641.64"], ["0.0002281", "1452.51"], ["0.0002276", "1138.73"], ["0.0002275", "1018.96"], ["0.0002273", "1288.16"], ["0.0002272", "973.55"], ["0.000227", "984.39"], ["0.0002224", "2571.77"], ["0.0001749", "1250.42"], ["0.000123", "462.6"]], "id": 10387958}, "XLM_ETH"], "id": null}
1617646741.946975: {"method": "depth.update", "params": [true, {"asks": [["0.0002909", "285.0281"], ["0.0002945", "121.414"], ["0.0002946", "386.9490957"], ["0.0002949", "393.4515731"], ["0.0002962", "256.5553"], ["0.0002963", "200"], ["0.0003005", "16.726389"], ["0.0003021", "200"], ["0.0003054", "283.41"], ["0.0003055", "289.09"], ["0.0003061", "320.0306064"], ["0.0003066", "385"], ["0.0003083", "861.251"], ["0.0003143", "754.555"], ["0.0003149", "776.625"], ["0.0003204", "347.99"], ["0.0003205", "300"], ["0.0003209", "1069.467"], ["0.0003231", "801.375"], ["0.0003241", "768.138"], ["0.0003256", "300"], ["0.0003302", "865.496"], ["0.0003304", "1161.098"], ["0.0003306", "1149.653"], ["0.0003319", "1198.392"], ["0.000332", "1441.928"], ["0.0003351", "1374.681"], ["0.0003359", "400"], ["0.0003415", "987.054"], ["0.0003443", "750"]], "bids": [["0.0002767", "408.298"], ["0.0002739", "382.2886941"], ["0.0002727", "35.04589647"], ["0.0002723", "320.325"], ["0.0002722", "872.16"], ["0.0002721", "979.909"], ["0.000272", "1247.197"], ["0.0002719", "825.69"], ["0.0002718", "1367.997"], ["0.0002717", "1239.874"], ["0.0002716", "947.128"], ["0.0002715", "1139.119"], ["0.0002665", "795.474"], ["0.0002663", "885.145"], ["0.0002609", "819.031"], ["0.0002608", "943.635"], ["0.0002607", "1280.333"], ["0.0002606", "1615.298"], ["0.0002553", "1270.246"], ["0.0002501", "1986.389"], ["0.000245", "1658.522"], ["0.0002401", "1143.778"], ["0.0002352", "2365.666"], ["0.0002304", "2091.127"], ["0.000021", "476.19"], ["0.0000106", "943.396"], ["0.0000063", "1587.301"], ["0.0000032", "3125"], ["0.000002", "5000"], ["0.000001", "10000"]], "id": 4294944}, "ALEPH_ETH"], "id": null}
1617646741.9577181: {"method": "depth.update", "params": [true, {"asks": [["0.000001267", "7577.90762726"], ["0.000001268", "304520.59"], ["0.000001293", "212248.1"], ["0.000001311", "436361.5"], ["0.000001338", "177671.75"], ["0.000001365", "327898.51"], ["0.000001393", "226830.46"], ["0.000001421", "231197.63"], ["0.00000145", "232404.29"], ["0.000001479", "272284.42"], ["0.000001509", "151802.58"], ["0.00000154", "339188.51"], ["0.000001571", "325769.41"], ["0.000001603", "206700.91"], ["0.000001636", "352360.56"], ["0.000001669", "126276.83"], ["0.000001703", "348533.39"], ["0.000001738", "245855.57"], ["0.000001773", "146387.35"], ["0.000001809", "223445.86"], ["0.000001846", "298355.63"], ["0.000002", "36165.98769"], ["0.00000203", "3409.39"], ["0.000003223", "18186.94"], ["0.00000428", "1027.772"], ["0.00000569", "724.94"], ["0.00000685", "1027.772"], ["0.0000106", "9278.426"], ["0.0000133", "8250.655"], ["0.00001619", "1803.431968"]], "bids": [["0.000001192", "395414.33"], ["0.000001177", "174978.75"], ["0.000001175", "191896.59"], ["0.000001151", "177638.5"], ["0.00000115", "230288.89"], ["0.000001146", "223384.71"], ["0.000001141", "212670.55"], ["0.000001138", "181893.81"], ["0.00000112", "183578.54"], ["0.000001119", "267106.86"], ["0.000001115", "263615.85"], ["0.000001114", "290043.57"], ["0.000001113", "340270.44"], ["0.000001103", "348330.42"], ["0.000001092", "266896.77"], ["0.000001081", "297918.21"], ["0.000001078", "347925.88"], ["0.000001068", "218117.04"], ["0.000001062", "310041.29"], ["0.000001061", "360618.67"], ["0.00000106", "291366.05"], ["0.000001059", "241623.08"], ["0.000000662", "191238.67"], ["0.00000021", "9523.79"], ["0.000000101", "49504.95"], ["0.0000001", "14000"], ["0.000000064", "156250"], ["0.000000043", "232558.13"], ["0.000000032", "312500"], ["0.000000021", "476190.47"]], "id": 4188602}, "SENC_ETH"], "id": null}
1617646742.1013582: {"method": "trades.update", "params": ["ZRX_ETH", [{"id": 706072209, "time": 1617646702.5031281, "price": "0.0008798", "amount": "20.361", "type": "buy"}, {"id": 706067518, "time": 1617646622.1688459, "price": "0.0008788", "amount": "18.234", "type": "sell"}, {"id": 706066764, "time": 1617646608.5468709, "price": "0.0008802", "amount": "19.823", "type": "sell"}, {"id": 706061137, "time": 1617646527.2115681, "price": "0.0008794", "amount": "17.93", "type": "buy"}, {"id": 706056665, "time": 1617646460.7908919, "price": "0.000879", "amount": "27.729", "type": "sell"}, {"id": 706053996, "time": 1617646419.018539, "price": "0.0008768", "amount": "15.907", "type": "sell"}, {"id": 706051239, "time": 1617646371.163137, "price": "0.0008759", "amount": "11.513", "type": "buy"}, {"id": 706047276, "time": 1617646301.90625, "price": "0.0008757", "amount": "21.097", "type": "sell"}, {"id": 706041900, "time": 1617646217.162128, "price": "0.0008737", "amount": "16.01", "type": "sell"}, {"id": 706036997, "time": 1617646143.843699, "price": "0.0008737", "amount": "14.211", "type": "sell"}, {"id": 706034304, "time": 1617646092.3743341, "price": "0.0008738", "amount": "15.19", "type": "sell"}, {"id": 706032659, "time": 1617646064.5884409, "price": "0.000871", "amount": "17.085", "type": "sell"}, {"id": 706025239, "time": 1617645959.155858, "price": "0.0008722", "amount": "15.273", "type": "buy"}, {"id": 706022759, "time": 1617645923.578757, "price": "0.0008739", "amount": "22.403", "type": "buy"}, {"id": 706016798, "time": 1617645836.7427919, "price": "0.0008743", "amount": "57.002", "type": "sell"}, {"id": 706012703, "time": 1617645776.1273789, "price": "0.0008766", "amount": "17.991", "type": "buy"}, {"id": 706011449, "time": 1617645751.74775, "price": "0.0008754", "amount": "25.659", "type": "sell"}, {"id": 706006856, "time": 1617645668.3624821, "price": "0.0008769", "amount": "13.344", "type": "buy"}, {"id": 706003839, "time": 1617645623.5891931, "price": "0.0008785", "amount": "9.888", "type": "sell"}, {"id": 706000319, "time": 1617645572.0950429, "price": "0.000876", "amount": "9.661", "type": "buy"}, {"id": 705997487, "time": 1617645525.757606, "price": "0.0008762", "amount": "3.754", "type": "sell"}, {"id": 705984377, "time": 1617645312.078855, "price": "0.0008755", "amount": "8.464", "type": "sell"}, {"id": 705982907, "time": 1617645287.7009449, "price": "0.0008757", "amount": "11.868", "type": "sell"}, {"id": 705977582, "time": 1617645200.2739689, "price": "0.0008757", "amount": "12.565", "type": "sell"}, {"id": 705973224, "time": 1617645129.5880289, "price": "0.000876", "amount": "11.49", "type": "buy"}, {"id": 705971485, "time": 1617645102.1824441, "price": "0.0008751", "amount": "14.104", "type": "buy"}, {"id": 705966568, "time": 1617645013.8062279, "price": "0.000875", "amount": "9.728", "type": "sell"}, {"id": 705964161, "time": 1617644974.2677529, "price": "0.000874", "amount": "11.536", "type": "sell"}, {"id": 705958753, "time": 1617644883.8903539, "price": "0.0008724", "amount": "13.918", "type": "sell"}, {"id": 705957406, "time": 1617644857.4328649, "price": "0.000872", "amount": "19.024", "type": "sell"}, {"id": 705952959, "time": 1617644783.8633311, "price": "0.0008716", "amount": "17.194", "type": "sell"}, {"id": 705948768, "time": 1617644716.7366121, "price": "0.0008706", "amount": "22.389", "type": "sell"}, {"id": 705946153, "time": 1617644679.077065, "price": "0.0008702", "amount": "19.109", "type": "buy"}, {"id": 705940220, "time": 1617644592.482568, "price": "0.0008711", "amount": "16.223", "type": "buy"}, {"id": 705936989, "time": 1617644543.0801041, "price": "0.0008703", "amount": "21.992", "type": "buy"}, {"id": 705931707, "time": 1617644472.6208761, "price": "0.0008692", "amount": "57.598", "type": "buy"}, {"id": 705926407, "time": 1617644385.2398429, "price": "0.0008709", "amount": "41.536", "type": "sell"}, {"id": 705923278, "time": 1617644336.814606, "price": "0.0008692", "amount": "11.345", "type": "buy"}, {"id": 705918400, "time": 1617644269.0396421, "price": "0.0008704", "amount": "20.408", "type": "buy"}, {"id": 705911597, "time": 1617644172.4309151, "price": "0.0008705", "amount": "11.895", "type": "buy"}, {"id": 705907827, "time": 1617644113.843807, "price": "0.0008696", "amount": "7.434", "type": "buy"}, {"id": 705904664, "time": 1617644076.553674, "price": "0.0008707", "amount": "13.85", "type": "sell"}, {"id": 705898626, "time": 1617643993.0826061, "price": "0.0008708", "amount": "11.492", "type": "sell"}, {"id": 705894527, "time": 1617643943.4461901, "price": "0.0008716", "amount": "9.596", "type": "buy"}, {"id": 705885843, "time": 1617643847.5739911, "price": "0.0008706", "amount": "8.677", "type": "sell"}, {"id": 705881126, "time": 1617643780.0079739, "price": "0.0008705", "amount": "25.13", "type": "buy"}, {"id": 705879299, "time": 1617643751.6162889, "price": "0.0008697", "amount": "6.004", "type": "sell"}, {"id": 705875588, "time": 1617643711.1299269, "price": "0.0008722", "amount": "29.506", "type": "sell"}, {"id": 705870259, "time": 1617643636.707927, "price": "0.0008706", "amount": "11.259", "type": "sell"}, {"id": 705865366, "time": 1617643577.477818, "price": "0.0008691", "amount": "8.712", "type": "sell"}, {"id": 705858931, "time": 1617643498.9907539, "price": "0.0008691", "amount": "15.517", "type": "sell"}, {"id": 705856633, "time": 1617643459.2096529, "price": "0.000868", "amount": "10.049", "type": "sell"}, {"id": 705851468, "time": 1617643391.5715079, "price": "0.0008668", "amount": "25.722", "type": "sell"}, {"id": 705848813, "time": 1617643351.023767, "price": "0.0008682", "amount": "12.234", "type": "buy"}, {"id": 705841673, "time": 1617643261.6161449, "price": "0.0008637", "amount": "19.076", "type": "sell"}, {"id": 705838907, "time": 1617643234.851505, "price": "0.0008666", "amount": "1.7461219896", "type": "buy"}, {"id": 705834797, "time": 1617643180.289521, "price": "0.0008637", "amount": "9.883", "type": "sell"}, {"id": 705830663, "time": 1617643134.5801189, "price": "0.0008629", "amount": "21.762", "type": "sell"}, {"id": 705821643, "time": 1617643034.26634, "price": "0.0008626", "amount": "16.314", "type": "sell"}, {"id": 705817047, "time": 1617642976.338352, "price": "0.0008626", "amount": "14.197", "type": "buy"}, {"id": 705811100, "time": 1617642902.9088781, "price": "0.0008609", "amount": "11.779", "type": "sell"}, {"id": 705807911, "time": 1617642859.1423221, "price": "0.000861", "amount": "16.501", "type": "buy"}, {"id": 705794637, "time": 1617642682.7834289, "price": "0.0008596", "amount": "7.403", "type": "buy"}, {"id": 705785148, "time": 1617642591.0889709, "price": "0.0008595", "amount": "11.56", "type": "buy"}, {"id": 705779490, "time": 1617642534.7577651, "price": "0.0008594", "amount": "6.496", "type": "sell"}, {"id": 705771820, "time": 1617642448.0361011, "price": "0.0008599", "amount": "10.995", "type": "buy"}, {"id": 705766161, "time": 1617642390.340451, "price": "0.0008594", "amount": "16.075", "type": "buy"}, {"id": 705762471, "time": 1617642357.072377, "price": "0.0008602", "amount": "16.102", "type": "sell"}, {"id": 705755331, "time": 1617642292.2036369, "price": "0.0008609", "amount": "18.942", "type": "sell"}, {"id": 705749454, "time": 1617642230.6733229, "price": "0.0008586", "amount": "12.374", "type": "sell"}, {"id": 705745362, "time": 1617642181.1366391, "price": "0.0008581", "amount": "19.022", "type": "sell"}, {"id": 705734680, "time": 1617642066.8914771, "price": "0.0008588", "amount": "18.001", "type": "sell"}, {"id": 705723735, "time": 1617641962.4996469, "price": "0.0008581", "amount": "13.974", "type": "sell"}, {"id": 705708327, "time": 1617641787.460304, "price": "0.0008598", "amount": "6.954", "type": "sell"}, {"id": 705703573, "time": 1617641741.808651, "price": "0.0008586", "amount": "6.102", "type": "sell"}, {"id": 705690235, "time": 1617641615.335706, "price": "0.0008604", "amount": "13.964", "type": "sell"}, {"id": 705687881, "time": 1617641594.9096079, "price": "0.0008602", "amount": "10.087", "type": "sell"}, {"id": 705671104, "time": 1617641441.937216, "price": "0.0008604", "amount": "9.833", "type": "sell"}, {"id": 705661759, "time": 1617641371.2533751, "price": "0.0008613", "amount": "19.33", "type": "sell"}, {"id": 705656376, "time": 1617641327.5645871, "price": "0.0008611", "amount": "29.711", "type": "buy"}, {"id": 705644001, "time": 1617641234.166204, "price": "0.0008603", "amount": "20.774", "type": "sell"}, {"id": 705630534, "time": 1617641125.8667819, "price": "0.0008614", "amount": "12.363", "type": "buy"}, {"id": 705626276, "time": 1617641084.635623, "price": "0.0008601", "amount": "16.874", "type": "buy"}, {"id": 705619563, "time": 1617641023.611691, "price": "0.000861", "amount": "20.024", "type": "buy"}, {"id": 705611506, "time": 1617640952.2547901, "price": "0.000861", "amount": "29.272", "type": "sell"}, {"id": 705609113, "time": 1617640928.9741211, "price": "0.0008624", "amount": "12.832", "type": "sell"}, {"id": 705597991, "time": 1617640841.1331091, "price": "0.0008608", "amount": "29.388", "type": "buy"}, {"id": 705591636, "time": 1617640785.238378, "price": "0.0008659", "amount": "54.754", "type": "sell"}, {"id": 705556471, "time": 1617640470.227437, "price": "0.000869", "amount": "10.504", "type": "buy"}, {"id": 705552334, "time": 1617640423.8950641, "price": "0.0008677", "amount": "13.726", "type": "sell"}, {"id": 705545450, "time": 1617640352.2929931, "price": "0.0008665", "amount": "10.689", "type": "buy"}, {"id": 705538361, "time": 1617640289.0967219, "price": "0.0008661", "amount": "7.931", "type": "buy"}, {"id": 705533636, "time": 1617640251.1871049, "price": "0.0008678", "amount": "19.767", "type": "sell"}, {"id": 705526833, "time": 1617640194.6539111, "price": "0.0008681", "amount": "33.166", "type": "sell"}, {"id": 705519028, "time": 1617640125.234828, "price": "0.0008674", "amount": "11.144", "type": "buy"}, {"id": 705513388, "time": 1617640066.6521809, "price": "0.0008682", "amount": "12.97", "type": "buy"}, {"id": 705505585, "time": 1617639992.1032391, "price": "0.0008678", "amount": "11.804", "type": "buy"}, {"id": 705497938, "time": 1617639919.7135029, "price": "0.0008679", "amount": "20.191", "type": "sell"}, {"id": 705492604, "time": 1617639860.2381439, "price": "0.0008675", "amount": "22.952", "type": "buy"}, {"id": 705490000, "time": 1617639834.2882531, "price": "0.0008666", "amount": "15.233", "type": "sell"}]], "id": null}
1617646742.107866: {"method": "trades.update", "params": ["SLNV2_USDT", [{"id": 706071864, "time": 1617646695.8435731, "price": "0.02418", "amount": "562.635", "type": "buy"}, {"id": 706067596, "time": 1617646623.4640501, "price": "0.02427", "amount": "215.716", "type": "sell"}, {"id": 706063179, "time": 1617646563.6341951, "price": "0.0245", "amount": "540.731", "type": "buy"}, {"id": 706060755, "time": 1617646520.2363291, "price": "0.02451", "amount": "488.615", "type": "sell"}, {"id": 706057551, "time": 1617646476.5076771, "price": "0.02448", "amount": "756.891", "type": "buy"}, {"id": 706052185, "time": 1617646386.3035271, "price": "0.02475", "amount": "560.52265548", "type": "sell"}, {"id": 706052112, "time": 1617646385.159055, "price": "0.02475", "amount": "872.04534452", "type": "buy"}, {"id": 706051783, "time": 1617646381.768652, "price": "0.02453", "amount": "215.716", "type": "buy"}, {"id": 706049292, "time": 1617646334.3144779, "price": "0.02425", "amount": "316.259", "type": "buy"}, {"id": 706046705, "time": 1617646292.8005829, "price": "0.02433", "amount": "577.834", "type": "buy"}, {"id": 706042396, "time": 1617646225.341083, "price": "0.02432", "amount": "437.751", "type": "sell"}, {"id": 706039095, "time": 1617646172.8676741, "price": "0.02429", "amount": "389.469", "type": "buy"}, {"id": 706033758, "time": 1617646085.3412681, "price": "0.02429", "amount": "416.184", "type": "sell"}, {"id": 706032409, "time": 1617646059.765563, "price": "0.02427", "amount": "467.161", "type": "sell"}, {"id": 706025671, "time": 1617645966.0930791, "price": "0.02429", "amount": "418.157", "type": "buy"}, {"id": 706021664, "time": 1617645908.5068679, "price": "0.02425", "amount": "615.306", "type": "buy"}, {"id": 706017478, "time": 1617645845.699672, "price": "0.02426", "amount": "2499.988", "type": "buy"}, {"id": 706014363, "time": 1617645798.2207849, "price": "0.02427", "amount": "495.637", "type": "buy"}, {"id": 706011244, "time": 1617645747.567733, "price": "0.02429", "amount": "704.996", "type": "sell"}, {"id": 706008382, "time": 1617645696.3196421, "price": "0.02428", "amount": "367.588", "type": "buy"}, {"id": 706003835, "time": 1617645623.5737419, "price": "0.0243", "amount": "272.493", "type": "sell"}, {"id": 706001099, "time": 1617645583.091233, "price": "0.02428", "amount": "265.743", "type": "buy"}, {"id": 705994366, "time": 1617645479.6680541, "price": "0.02429", "amount": "103.288", "type": "buy"}, {"id": 705992721, "time": 1617645451.253056, "price": "0.02426", "amount": "182.022", "type": "buy"}, {"id": 705989780, "time": 1617645407.7714851, "price": "0.02424", "amount": "267.07", "type": "buy"}, {"id": 705985093, "time": 1617645323.3079331, "price": "0.02405", "amount": "4691.39160581", "type": "sell"}, {"id": 705985092, "time": 1617645323.3076639, "price": "0.02406", "amount": "2004.12", "type": "sell"}, {"id": 705985091, "time": 1617645323.3074269, "price": "0.02407", "amount": "2129.559", "type": "sell"}, {"id": 705985090, "time": 1617645323.307122, "price": "0.02408", "amount": "830.82084419", "type": "sell"}, {"id": 705984999, "time": 1617645322.2075729, "price": "0.02428", "amount": "232.577", "type": "buy"}, {"id": 705982914, "time": 1617645287.906044, "price": "0.02429", "amount": "326.223", "type": "sell"}, {"id": 705974672, "time": 1617645157.7863269, "price": "0.02425", "amount": "316.003", "type": "buy"}, {"id": 705968531, "time": 1617645052.2466609, "price": "0.02431", "amount": "386.252", "type": "sell"}, {"id": 705963121, "time": 1617644956.223702, "price": "0.02429", "amount": "315.782", "type": "sell"}, {"id": 705957292, "time": 1617644855.400249, "price": "0.02432", "amount": "518.661", "type": "sell"}, {"id": 705952619, "time": 1617644778.058042, "price": "0.02433", "amount": "468.217", "type": "sell"}, {"id": 705947338, "time": 1617644699.466126, "price": "0.02429", "amount": "610.839", "type": "buy"}, {"id": 705942363, "time": 1617644628.3583231, "price": "0.0243", "amount": "520.859", "type": "buy"}, {"id": 705938952, "time": 1617644578.6318901, "price": "0.02435", "amount": "441.542", "type": "buy"}, {"id": 705937204, "time": 1617644547.1020319, "price": "0.0243", "amount": "598.518", "type": "sell"}, {"id": 705930661, "time": 1617644460.7944951, "price": "0.02426", "amount": "3911.309", "type": "buy"}, {"id": 705928033, "time": 1617644412.301316, "price": "0.02425", "amount": "1132.841", "type": "sell"}, {"id": 705925583, "time": 1617644369.768611, "price": "0.02428", "amount": "308.687", "type": "buy"}, {"id": 705921417, "time": 1617644303.0118151, "price": "0.0243", "amount": "554.616", "type": "sell"}, {"id": 705915508, "time": 1617644225.5523391, "price": "0.02435", "amount": "161.061", "type": "buy"}, {"id": 705910143, "time": 1617644152.3209541, "price": "0.02427", "amount": "323.523", "type": "buy"}, {"id": 705905283, "time": 1617644086.9825511, "price": "0.02432", "amount": "201.668", "type": "sell"}, {"id": 705897486, "time": 1617643980.764127, "price": "0.02432", "amount": "311.313", "type": "sell"}, {"id": 705893372, "time": 1617643930.238277, "price": "0.0243", "amount": "260.404", "type": "buy"}, {"id": 705885186, "time": 1617643839.332644, "price": "0.02434", "amount": "235.339", "type": "sell"}, {"id": 705884297, "time": 1617643827.0308311, "price": "0.02429", "amount": "683.607", "type": "sell"}, {"id": 705867874, "time": 1617643613.6871569, "price": "0.02416", "amount": "308.092", "type": "sell"}, {"id": 705864267, "time": 1617643566.383286, "price": "0.02419", "amount": "237.853", "type": "sell"}, {"id": 705861692, "time": 1617643537.52385, "price": "0.02427", "amount": "81.633970615", "type": "buy"}, {"id": 705858686, "time": 1617643495.1281121, "price": "0.02417", "amount": "424.085", "type": "buy"}, {"id": 705857533, "time": 1617643474.2931359, "price": "0.02419", "amount": "273.668", "type": "sell"}, {"id": 705850270, "time": 1617643376.4999399, "price": "0.02419", "amount": "699.8", "type": "buy"}, {"id": 705846630, "time": 1617643324.187876, "price": "0.02417", "amount": "333.368", "type": "buy"}, {"id": 705840694, "time": 1617643248.6701641, "price": "0.02421", "amount": "516.775", "type": "sell"}, {"id": 705838654, "time": 1617643232.201488, "price": "0.02417", "amount": "268.517", "type": "buy"}, {"id": 705834642, "time": 1617643178.2456951, "price": "0.0243", "amount": "1966.4", "type": "buy"}, {"id": 705832872, "time": 1617643156.406595, "price": "0.02418", "amount": "589.52", "type": "buy"}, {"id": 705824451, "time": 1617643064.965003, "price": "0.02429", "amount": "438.057", "type": "buy"}, {"id": 705822645, "time": 1617643044.303642, "price": "0.02433", "amount": "440.027", "type": "sell"}, {"id": 705813681, "time": 1617642933.6224599, "price": "0.02407", "amount": "1194.071", "type": "sell"}, {"id": 705813680, "time": 1617642933.622067, "price": "0.02427", "amount": "215.716", "type": "sell"}, {"id": 705813679, "time": 1617642933.6215899, "price": "0.02453", "amount": "215.716", "type": "sell"}, {"id": 705808927, "time": 1617642872.9276969, "price": "0.02468", "amount": "313.048", "type": "buy"}, {"id": 705802979, "time": 1617642784.7637899, "price": "0.02459", "amount": "1429.873", "type": "sell"}, {"id": 705800044, "time": 1617642744.363935, "price": "0.02465", "amount": "1153.543", "type": "buy"}, {"id": 705790172, "time": 1617642645.6501181, "price": "0.02466", "amount": "196.587", "type": "sell"}, {"id": 705780918, "time": 1617642548.5149829, "price": "0.02466", "amount": "172.471", "type": "sell"}, {"id": 705771773, "time": 1617642447.1028891, "price": "0.02466", "amount": "292.446", "type": "buy"}, {"id": 705771273, "time": 1617642440.346853, "price": "0.02468", "amount": "427.106", "type": "sell"}, {"id": 705763585, "time": 1617642367.904355, "price": "0.02465", "amount": "428.972", "type": "buy"}, {"id": 705755222, "time": 1617642291.334161, "price": "0.02469", "amount": "503.888", "type": "buy"}, {"id": 705747885, "time": 1617642211.7280991, "price": "0.02465", "amount": "329.344", "type": "buy"}, {"id": 705745711, "time": 1617642185.123713, "price": "0.02466", "amount": "505.681", "type": "buy"}, {"id": 705737954, "time": 1617642098.9463711, "price": "0.02454", "amount": "7926.91381", "type": "sell"}, {"id": 705736828, "time": 1617642087.631032, "price": "0.02469", "amount": "542.305", "type": "sell"}, {"id": 705735831, "time": 1617642077.1578381, "price": "0.02467", "amount": "479.235", "type": "buy"}, {"id": 705728272, "time": 1617642009.350822, "price": "0.02466", "amount": "371.327", "type": "buy"}, {"id": 705722363, "time": 1617641945.9614301, "price": "0.02464", "amount": "1512.411", "type": "sell"}, {"id": 705716176, "time": 1617641873.3527839, "price": "0.02468", "amount": "1747.696", "type": "sell"}, {"id": 705708228, "time": 1617641786.2076981, "price": "0.02459", "amount": "185.279", "type": "sell"}, {"id": 705707430, "time": 1617641778.2597101, "price": "0.02466", "amount": "511.271", "type": "buy"}, {"id": 705703241, "time": 1617641738.8442581, "price": "0.02466", "amount": "161.73", "type": "buy"}, {"id": 705700275, "time": 1617641707.388803, "price": "0.02467", "amount": "2599.084", "type": "sell"}, {"id": 705693256, "time": 1617641643.7673609, "price": "0.02454", "amount": "5050.828498", "type": "sell"}, {"id": 705692607, "time": 1617641637.5537701, "price": "0.02469", "amount": "371.155", "type": "buy"}, {"id": 705682415, "time": 1617641538.975456, "price": "0.02465", "amount": "268.328", "type": "buy"}, {"id": 705678179, "time": 1617641498.3919661, "price": "0.02469", "amount": "1768.428", "type": "buy"}, {"id": 705670796, "time": 1617641439.0493381, "price": "0.02469", "amount": "261.644", "type": "buy"}, {"id": 705661586, "time": 1617641370.286113, "price": "0.02467", "amount": "515.469", "type": "buy"}, {"id": 705660763, "time": 1617641362.7985799, "price": "0.0248", "amount": "9999.99899662", "type": "buy"}, {"id": 705660762, "time": 1617641362.7983329, "price": "0.02479", "amount": "50.04100338", "type": "buy"}, {"id": 705652643, "time": 1617641297.903265, "price": "0.02468", "amount": "791.205", "type": "sell"}, {"id": 705647852, "time": 1617641261.1490209, "price": "0.02466", "amount": "553.379", "type": "sell"}, {"id": 705636575, "time": 1617641176.498188, "price": "0.02469", "amount": "857.344", "type": "buy"}, {"id": 705633847, "time": 1617641151.1257861, "price": "0.02481", "amount": "328.498", "type": "sell"}]], "id": null}
1617646742.108587: {"method": "trades.update", "params": ["XLM_ETH", [{"id": 706072856, "time": 1617646714.585443, "price": "0.0002383", "amount": "14.53", "type": "buy"}, {"id": 706071428, "time": 1617646688.649018, "price": "0.000238", "amount": "9192.7635903", "type": "sell"}, {"id": 706069737, "time": 1617646659.1717441, "price": "0.0002394", "amount": "12.94", "type": "buy"}, {"id": 706063900, "time": 1617646573.688349, "price": "0.0002394", "amount": "14.09", "type": "sell"}, {"id": 706061796, "time": 1617646538.277739, "price": "0.0002392", "amount": "12.74", "type": "sell"}, {"id": 706056912, "time": 1617646464.787981, "price": "0.0002393", "amount": "19.69", "type": "sell"}, {"id": 706048259, "time": 1617646321.321588, "price": "0.0002389", "amount": "8.16", "type": "buy"}, {"id": 706044872, "time": 1617646267.9576211, "price": "0.000239", "amount": "14.94", "type": "buy"}, {"id": 706041823, "time": 1617646216.202213, "price": "0.000239", "amount": "11.31", "type": "sell"}, {"id": 706037453, "time": 1617646149.9539089, "price": "0.000239", "amount": "10.04", "type": "buy"}, {"id": 706032935, "time": 1617646070.6493399, "price": "0.0002405", "amount": "11.96", "type": "buy"}, {"id": 706020705, "time": 1617645896.625988, "price": "0.0002391", "amount": "15.83", "type": "sell"}, {"id": 706020390, "time": 1617645890.098767, "price": "0.0002386", "amount": "64.48", "type": "buy"}, {"id": 706014999, "time": 1617645807.3418009, "price": "0.0002389", "amount": "12.76", "type": "buy"}, {"id": 706010546, "time": 1617645734.641315, "price": "0.0002385", "amount": "40886.434299", "type": "buy"}, {"id": 706004078, "time": 1617645627.683383, "price": "0.0002376", "amount": "7.07", "type": "buy"}, {"id": 705999085, "time": 1617645551.165189, "price": "0.0002374", "amount": "6.89", "type": "buy"}, {"id": 705997004, "time": 1617645518.747613, "price": "0.0002374", "amount": "4.21", "type": "sell"}, {"id": 705988895, "time": 1617645388.787286, "price": "0.0002374", "amount": "6.92", "type": "sell"}, {"id": 705983181, "time": 1617645293.2200651, "price": "0.0002376", "amount": "6.03", "type": "buy"}, {"id": 705981197, "time": 1617645253.718519, "price": "0.0002375", "amount": "8.46", "type": "buy"}, {"id": 705977935, "time": 1617645205.359632, "price": "0.0002374", "amount": "8.96", "type": "buy"}, {"id": 705974229, "time": 1617645148.7100379, "price": "0.0002374", "amount": "8.19", "type": "buy"}, {"id": 705970107, "time": 1617645079.2221241, "price": "0.0002376", "amount": "10.04", "type": "sell"}, {"id": 705965254, "time": 1617644993.789655, "price": "0.0002376", "amount": "6.92", "type": "buy"}, {"id": 705964281, "time": 1617644976.152247, "price": "0.0002378", "amount": "8.2", "type": "sell"}, {"id": 705960421, "time": 1617644908.936893, "price": "0.0002375", "amount": "9.88", "type": "buy"}, {"id": 705953615, "time": 1617644794.974272, "price": "0.0002378", "amount": "12.18", "type": "sell"}, {"id": 705951074, "time": 1617644755.899055, "price": "0.000237", "amount": "836.45", "type": "sell"}, {"id": 705950933, "time": 1617644753.340497, "price": "0.000237", "amount": "63.74", "type": "sell"}, {"id": 705950932, "time": 1617644753.33901, "price": "0.000237", "amount": "327.43", "type": "sell"}, {"id": 705950919, "time": 1617644753.163702, "price": "0.000237", "amount": "635.39", "type": "sell"}, {"id": 705950912, "time": 1617644753.0426321, "price": "0.000237", "amount": "637.95", "type": "sell"}, {"id": 705950907, "time": 1617644753.016398, "price": "0.000237", "amount": "508.35", "type": "sell"}, {"id": 705950257, "time": 1617644740.949276, "price": "0.000237", "amount": "479.2951", "type": "sell"}, {"id": 705948907, "time": 1617644718.761121, "price": "0.0002377", "amount": "15.85", "type": "sell"}, {"id": 705943979, "time": 1617644648.0689089, "price": "0.0002379", "amount": "13.51", "type": "buy"}, {"id": 705943220, "time": 1617644641.1474061, "price": "0.000237", "amount": "1078.32", "type": "sell"}, {"id": 705943217, "time": 1617644641.0973639, "price": "0.000237", "amount": "1012.81", "type": "sell"}, {"id": 705942990, "time": 1617644638.047734, "price": "0.000237", "amount": "2094.22", "type": "sell"}, {"id": 705942776, "time": 1617644635.000416, "price": "0.000237", "amount": "2091", "type": "sell"}, {"id": 705939011, "time": 1617644579.5897059, "price": "0.0002381", "amount": "11.47", "type": "sell"}, {"id": 705935883, "time": 1617644528.1357861, "price": "0.000238", "amount": "15.55", "type": "sell"}, {"id": 705933556, "time": 1617644496.7214251, "price": "0.0002377", "amount": "101.74", "type": "buy"}, {"id": 705926382, "time": 1617644384.269789, "price": "0.000238", "amount": "29.39", "type": "sell"}, {"id": 705925539, "time": 1617644368.8786769, "price": "0.0002381", "amount": "8", "type": "sell"}, {"id": 705919890, "time": 1617644288.1885681, "price": "0.0002396", "amount": "14.33", "type": "sell"}, {"id": 705917943, "time": 1617644259.688056, "price": "0.0002395", "amount": "4.17", "type": "sell"}, {"id": 705912295, "time": 1617644182.429673, "price": "0.0002395", "amount": "8.36", "type": "sell"}, {"id": 705908303, "time": 1617644121.919162, "price": "0.0002402", "amount": "5.2", "type": "buy"}, {"id": 705901020, "time": 1617644027.554909, "price": "0.0002401", "amount": "9.71", "type": "buy"}, {"id": 705897232, "time": 1617643976.9923, "price": "0.0002403", "amount": "8.05", "type": "sell"}, {"id": 705892291, "time": 1617643918.420017, "price": "0.0002381", "amount": "6.79", "type": "sell"}, {"id": 705886603, "time": 1617643854.783242, "price": "0.000238", "amount": "6.13", "type": "sell"}, {"id": 705880996, "time": 1617643778.0431659, "price": "0.0002375", "amount": "17.81", "type": "sell"}, {"id": 705880757, "time": 1617643773.991051, "price": "0.0002375", "amount": "257.16", "type": "sell"}, {"id": 705880754, "time": 1617643773.9897039, "price": "0.0002375", "amount": "681.23", "type": "sell"}, {"id": 705880753, "time": 1617643773.989326, "price": "0.0002375", "amount": "197.82", "type": "sell"}, {"id": 705880752, "time": 1617643773.9889619, "price": "0.0002375", "amount": "59.79", "type": "sell"}, {"id": 705880750, "time": 1617643773.9694419, "price": "0.0002375", "amount": "828", "type": "sell"}, {"id": 705880568, "time": 1617643770.7252879, "price": "0.0002377", "amount": "4.24", "type": "buy"}, {"id": 705873737, "time": 1617643688.205888, "price": "0.0002381", "amount": "20.9", "type": "sell"}, {"id": 705868911, "time": 1617643623.623842, "price": "0.0002382", "amount": "22.5", "type": "buy"}, {"id": 705860071, "time": 1617643513.9829359, "price": "0.0002361", "amount": "11.04", "type": "sell"}, {"id": 705856053, "time": 1617643450.200794, "price": "0.0002362", "amount": "7.14", "type": "sell"}, {"id": 705850360, "time": 1617643377.9431751, "price": "0.0002367", "amount": "18.21", "type": "sell"}, {"id": 705845296, "time": 1617643304.203279, "price": "0.0002372", "amount": "8.65", "type": "buy"}, {"id": 705839554, "time": 1617643240.6903789, "price": "0.0002354", "amount": "13.53", "type": "buy"}, {"id": 705835342, "time": 1617643188.2964051, "price": "0.0002348", "amount": "7.03", "type": "buy"}, {"id": 705833717, "time": 1617643164.596885, "price": "0.0002345", "amount": "15.48", "type": "sell"}, {"id": 705820300, "time": 1617643020.2514501, "price": "0.000236", "amount": "11.53", "type": "buy"}, {"id": 705809656, "time": 1617642882.8373339, "price": "0.0002361", "amount": "8.3", "type": "buy"}, {"id": 705806513, "time": 1617642839.133085, "price": "0.000236", "amount": "11.64", "type": "sell"}, {"id": 705800685, "time": 1617642751.6723039, "price": "0.0002361", "amount": "37.76", "type": "sell"}, {"id": 705797207, "time": 1617642714.3787551, "price": "0.0002346", "amount": "30.78", "type": "buy"}, {"id": 705794716, "time": 1617642683.8492711, "price": "0.0002349", "amount": "5.23", "type": "buy"}, {"id": 705787834, "time": 1617642620.5331459, "price": "0.0002351", "amount": "8.17", "type": "buy"}, {"id": 705780563, "time": 1617642545.5221739, "price": "0.0002353", "amount": "0.01", "type": "buy"}, {"id": 705780547, "time": 1617642545.406584, "price": "0.0002353", "amount": "126.96", "type": "buy"}, {"id": 705780538, "time": 1617642545.3768821, "price": "0.0002353", "amount": "67.73", "type": "buy"}, {"id": 705779736, "time": 1617642536.6729641, "price": "0.0002365", "amount": "4.56", "type": "buy"}, {"id": 705773855, "time": 1617642472.0808461, "price": "0.0002366", "amount": "7.72", "type": "buy"}, {"id": 705768568, "time": 1617642412.1308999, "price": "0.0002345", "amount": "36.1869974", "type": "sell"}, {"id": 705768286, "time": 1617642409.643945, "price": "0.0002345", "amount": "626", "type": "sell"}, {"id": 705768243, "time": 1617642409.358453, "price": "0.0002351", "amount": "11.36", "type": "sell"}, {"id": 705764771, "time": 1617642376.5481009, "price": "0.0002359", "amount": "0.0041587", "type": "sell"}, {"id": 705761308, "time": 1617642348.8101921, "price": "0.0002359", "amount": "43.3", "type": "sell"}, {"id": 705761143, "time": 1617642346.723419, "price": "0.0002359", "amount": "262.9", "type": "sell"}, {"id": 705761041, "time": 1617642345.5962901, "price": "0.0002359", "amount": "453.737", "type": "sell"}, {"id": 705759234, "time": 1617642330.1822469, "price": "0.0002375", "amount": "11.27", "type": "buy"}, {"id": 705757042, "time": 1617642308.876766, "price": "0.0002369", "amount": "41.73", "type": "sell"}, {"id": 705756266, "time": 1617642300.8641019, "price": "0.0002369", "amount": "14.3062046945", "type": "sell"}, {"id": 705755332, "time": 1617642292.206075, "price": "0.0002379", "amount": "13.25", "type": "buy"}, {"id": 705754762, "time": 1617642285.7911251, "price": "0.0002369", "amount": "14.4206543321", "type": "sell"}, {"id": 705754692, "time": 1617642285.2763829, "price": "0.0002369", "amount": "14.4206543321", "type": "sell"}, {"id": 705754588, "time": 1617642284.0824621, "price": "0.0002369", "amount": "14.4206543321", "type": "sell"}, {"id": 705754555, "time": 1617642283.5599849, "price": "0.0002369", "amount": "14.4206543321", "type": "sell"}, {"id": 705754508, "time": 1617642283.035517, "price": "0.0002369", "amount": "14.4206543321", "type": "sell"}, {"id": 705754448, "time": 1617642282.512398, "price": "0.0002369", "amount": "14.4206543321", "type": "sell"}, {"id": 705754377, "time": 1617642281.9804499, "price": "0.0002369", "amount": "14.4206543321", "type": "sell"}]], "id": null}
1617646742.126721: {"method": "trades.update", "params": ["ALEPH_ETH", [{"id": 706073904, "time": 1617646735.676322, "price": "0.0002847", "amount": "81.883", "type": "sell"}, {"id": 706063077, "time": 1617646561.723356, "price": "0.0002842", "amount": "79.898", "type": "sell"}, {"id": 706061348, "time": 1617646531.1787469, "price": "0.0002841", "amount": "72.227", "type": "sell"}, {"id": 706054602, "time": 1617646430.1731501, "price": "0.0002838", "amount": "63.958", "type": "buy"}, {"id": 706050822, "time": 1617646363.372637, "price": "0.0002838", "amount": "46.244", "type": "sell"}, {"id": 706046814, "time": 1617646294.6104259, "price": "0.0002812", "amount": "85.5", "type": "sell"}, {"id": 706043097, "time": 1617646238.3656809, "price": "0.0002805", "amount": "64.899", "type": "buy"}, {"id": 706038886, "time": 1617646168.9511161, "price": "0.0002844", "amount": "56.815", "type": "sell"}, {"id": 706034062, "time": 1617646090.4834881, "price": "0.000282", "amount": "61.253", "type": "buy"}, {"id": 706029243, "time": 1617646013.8917069, "price": "0.000284", "amount": "61.044", "type": "buy"}, {"id": 706022848, "time": 1617645925.401531, "price": "0.0002815", "amount": "90.51", "type": "buy"}, {"id": 706020315, "time": 1617645888.7017009, "price": "0.0002824", "amount": "176.477", "type": "sell"}, {"id": 706015180, "time": 1617645810.1793449, "price": "0.0002836", "amount": "72.369", "type": "buy"}, {"id": 706011655, "time": 1617645755.6801469, "price": "0.0002814", "amount": "103.878", "type": "sell"}, {"id": 706007352, "time": 1617645676.3512039, "price": "0.0002848", "amount": "53.47", "type": "sell"}, {"id": 706003235, "time": 1617645613.7071919, "price": "0.0002825", "amount": "40.017", "type": "sell"}, {"id": 705993986, "time": 1617645473.648355, "price": "0.0002841", "amount": "15.069", "type": "sell"}, {"id": 705992374, "time": 1617645445.263593, "price": "0.0002848", "amount": "26.482", "type": "buy"}, {"id": 705988996, "time": 1617645390.9669549, "price": "0.000283", "amount": "39.075", "type": "sell"}, {"id": 705985962, "time": 1617645340.2127931, "price": "0.0002825", "amount": "34.136", "type": "buy"}, {"id": 705980862, "time": 1617645248.7978001, "price": "0.0002831", "amount": "47.778", "type": "sell"}, {"id": 705978389, "time": 1617645212.235527, "price": "0.0002825", "amount": "50.69", "type": "buy"}, {"id": 705974925, "time": 1617645163.7528219, "price": "0.0002836", "amount": "46.188", "type": "sell"}, {"id": 705971068, "time": 1617645095.2647679, "price": "0.0002826", "amount": "56.837", "type": "buy"}, {"id": 705967747, "time": 1617645034.6889031, "price": "0.0002845", "amount": "38.937", "type": "sell"}, {"id": 705964345, "time": 1617644977.2298601, "price": "0.0002832", "amount": "46.335", "type": "buy"}, {"id": 705958256, "time": 1617644874.9164491, "price": "0.0002851", "amount": "55.426", "type": "buy"}, {"id": 705955127, "time": 1617644825.488332, "price": "0.0002849", "amount": "75.778", "type": "sell"}, {"id": 705952534, "time": 1617644777.052608, "price": "0.0002827", "amount": "68.987", "type": "sell"}, {"id": 705949071, "time": 1617644720.4717989, "price": "0.0002829", "amount": "89.665", "type": "buy"}, {"id": 705944884, "time": 1617644661.3378489, "price": "0.0002817", "amount": "76.821", "type": "sell"}, {"id": 705938756, "time": 1617644575.6823039, "price": "0.0002842", "amount": "64.711", "type": "sell"}, {"id": 705935878, "time": 1617644528.111448, "price": "0.0002826", "amount": "88.138", "type": "sell"}, {"id": 705931415, "time": 1617644468.7889111, "price": "0.0002828", "amount": "177.033", "type": "sell"}, {"id": 705927925, "time": 1617644410.25207, "price": "0.0002828", "amount": "166.465", "type": "sell"}, {"id": 705926000, "time": 1617644376.6999741, "price": "0.0002814", "amount": "45.606", "type": "sell"}, {"id": 705915596, "time": 1617644226.5326359, "price": "0.0002836", "amount": "23.702", "type": "sell"}, {"id": 705910340, "time": 1617644155.352005, "price": "0.000284", "amount": "47.448", "type": "buy"}, {"id": 705908213, "time": 1617644119.8757341, "price": "0.000284", "amount": "29.623", "type": "buy"}, {"id": 705904215, "time": 1617644070.40852, "price": "0.0002818", "amount": "55.693", "type": "buy"}, {"id": 705896332, "time": 1617643965.819016, "price": "0.000283", "amount": "46.02", "type": "buy"}, {"id": 705894610, "time": 1617643944.1420579, "price": "0.0002845", "amount": "38.258", "type": "buy"}, {"id": 705885610, "time": 1617643844.3904581, "price": "0.0002817", "amount": "34.898", "type": "sell"}, {"id": 705882218, "time": 1617643796.8928969, "price": "0.0002826", "amount": "100.738", "type": "buy"}, {"id": 705878404, "time": 1617643739.680454, "price": "0.0002828", "amount": "24.03", "type": "buy"}, {"id": 705872593, "time": 1617643671.2759881, "price": "0.0002845", "amount": "117.718", "type": "sell"}, {"id": 705867409, "time": 1617643606.7029901, "price": "0.000283", "amount": "45.075", "type": "sell"}, {"id": 705865358, "time": 1617643577.434454, "price": "0.0002824", "amount": "34.894", "type": "buy"}, {"id": 705856205, "time": 1617643452.3691959, "price": "0.000284", "amount": "39.969", "type": "buy"}, {"id": 705849497, "time": 1617643362.4296949, "price": "0.0002847", "amount": "101.918", "type": "sell"}, {"id": 705845784, "time": 1617643312.25986, "price": "0.0002834", "amount": "48.774", "type": "sell"}, {"id": 705841288, "time": 1617643256.700855, "price": "0.0002834", "amount": "75.661", "type": "sell"}, {"id": 705831843, "time": 1617643146.3590081, "price": "0.0002811", "amount": "86.939", "type": "sell"}, {"id": 705827361, "time": 1617643096.849972, "price": "0.0002809", "amount": "64.861", "type": "buy"}, {"id": 705822741, "time": 1617643045.35467, "price": "0.0002804", "amount": "65.313", "type": "buy"}, {"id": 705816974, "time": 1617642975.540921, "price": "0.0002808", "amount": "56.756", "type": "sell"}, {"id": 705810134, "time": 1617642890.032573, "price": "0.0002821", "amount": "46.781", "type": "buy"}, {"id": 705808592, "time": 1617642867.3500559, "price": "0.0002798", "amount": "66.082", "type": "buy"}, {"id": 705790920, "time": 1617642650.6233971, "price": "0.0002796", "amount": "29.62", "type": "sell"}, {"id": 705785556, "time": 1617642596.274538, "price": "0.0002829", "amount": "45.705", "type": "buy"}, {"id": 705779710, "time": 1617642536.4724059, "price": "0.000283", "amount": "25.672", "type": "buy"}, {"id": 705775920, "time": 1617642494.098012, "price": "0.0002811", "amount": "43.771", "type": "sell"}, {"id": 705770504, "time": 1617642431.371057, "price": "0.000282", "amount": "63.753", "type": "buy"}, {"id": 705763078, "time": 1617642362.726938, "price": "0.0002796", "amount": "64.47", "type": "buy"}, {"id": 705755072, "time": 1617642289.321887, "price": "0.0002806", "amount": "75.629", "type": "sell"}, {"id": 705750135, "time": 1617642237.765547, "price": "0.0002809", "amount": "49.224", "type": "buy"}, {"id": 705743053, "time": 1617642150.1398151, "price": "0.0002797", "amount": "75.947", "type": "buy"}, {"id": 705739626, "time": 1617642115.6172049, "price": "0.0002826", "amount": "80.593", "type": "sell"}, {"id": 705710620, "time": 1617641812.2906041, "price": "0.0002836", "amount": "27.438", "type": "buy"}, {"id": 705706213, "time": 1617641766.82675, "price": "0.0002818", "amount": "24.194", "type": "buy"}, {"id": 705689237, "time": 1617641605.5418789, "price": "0.0002835", "amount": "55.154", "type": "buy"}, {"id": 705682315, "time": 1617641538.022186, "price": "0.0002829", "amount": "39.916", "type": "sell"}, {"id": 705671830, "time": 1617641447.956722, "price": "0.0002829", "amount": "38.921", "type": "sell"}, {"id": 705665097, "time": 1617641396.3045681, "price": "0.0002808", "amount": "77.16", "type": "buy"}, {"id": 705657149, "time": 1617641333.9198141, "price": "0.0002814", "amount": "118.317", "type": "buy"}, {"id": 705648645, "time": 1617641268.1599541, "price": "0.0002818", "amount": "82.536", "type": "sell"}, {"id": 705637419, "time": 1617641184.6803031, "price": "0.0002835", "amount": "127.095", "type": "buy"}, {"id": 705635182, "time": 1617641164.0865669, "price": "0.0002803", "amount": "49.444", "type": "buy"}, {"id": 705629038, "time": 1617641111.3490219, "price": "0.0002796", "amount": "67.552", "type": "sell"}, {"id": 705616696, "time": 1617640996.9894841, "price": "0.0002785", "amount": "80.562", "type": "buy"}, {"id": 705615302, "time": 1617640986.191489, "price": "0.0002809", "amount": "116.765", "type": "sell"}, {"id": 705602751, "time": 1617640871.5390129, "price": "0.0002786", "amount": "51.692", "type": "sell"}, {"id": 705595286, "time": 1617640814.985548, "price": "0.0002806", "amount": "117.325", "type": "sell"}, {"id": 705577336, "time": 1617640656.2560389, "price": "0.0002826", "amount": "90.273", "type": "sell"}, {"id": 705561204, "time": 1617640516.7328789, "price": "0.0002813", "amount": "22.081", "type": "sell"}, {"id": 705558571, "time": 1617640490.2349119, "price": "0.0002802", "amount": "42.394", "type": "sell"}, {"id": 705552592, "time": 1617640426.7756579, "price": "0.0002818", "amount": "55.003", "type": "sell"}, {"id": 705543188, "time": 1617640329.352273, "price": "0.0002829", "amount": "42.607", "type": "buy"}, {"id": 705538455, "time": 1617640290.0324149, "price": "0.0002828", "amount": "31.611", "type": "buy"}, {"id": 705531942, "time": 1617640238.2341449, "price": "0.0002812", "amount": "79.39", "type": "buy"}, {"id": 705527189, "time": 1617640197.7166209, "price": "0.0002805", "amount": "133.578", "type": "sell"}, {"id": 705519026, "time": 1617640125.17729, "price": "0.0002823", "amount": "44.561", "type": "buy"}, {"id": 705513903, "time": 1617640073.6262231, "price": "0.0002832", "amount": "51.748", "type": "buy"}, {"id": 705504521, "time": 1617639983.171644, "price": "0.0002831", "amount": "47.089", "type": "buy"}, {"id": 705496433, "time": 1617639905.657187, "price": "0.0002808", "amount": "81.214", "type": "sell"}, {"id": 705494686, "time": 1617639886.256402, "price": "0.0002808", "amount": "92.279", "type": "buy"}, {"id": 705486235, "time": 1617639796.281038, "price": "0.0002813", "amount": "61.071", "type": "buy"}, {"id": 705476220, "time": 1617639725.3428209, "price": "0.0002836", "amount": "71.13", "type": "sell"}, {"id": 705472107, "time": 1617639673.0104489, "price": "0.0002836", "amount": "127.609", "type": "buy"}, {"id": 705462119, "time": 1617639563.9601431, "price": "0.0002838", "amount": "75.018", "type": "sell"}]], "id": null}
1617646742.1870599: {"method": "trades.update", "params": ["SOP_USDT", [{"id": 706011925, "time": 1617645760.7181251, "price": "0.00012429", "amount": "44876.912333435", "type": "buy"}, {"id": 706011924, "time": 1617645760.7178321, "price": "0.00012429", "amount": "13378.994666565", "type": "buy"}, {"id": 705988263, "time": 1617645376.6935811, "price": "0.00012442", "amount": "20445.876", "type": "sell"}, {"id": 705982518, "time": 1617645278.7829759, "price": "0.000125", "amount": "1351035.325", "type": "sell"}, {"id": 705977086, "time": 1617645191.6935661, "price": "0.000125", "amount": "338983.05", "type": "sell"}, {"id": 705976271, "time": 1617645184.2226751, "price": "0.00012721", "amount": "94938.734", "type": "buy"}, {"id": 705976270, "time": 1617645184.2223499, "price": "0.00012721", "amount": "20445.876", "type": "buy"}, {"id": 705974141, "time": 1617645146.933094, "price": "0.000125", "amount": "178645.40267842", "type": "sell"}, {"id": 705974138, "time": 1617645146.8865161, "price": "0.000125", "amount": "446664.309", "type": "sell"}, {"id": 705974129, "time": 1617645146.748318, "price": "0.000125", "amount": "116377.38832158", "type": "buy"}, {"id": 705973062, "time": 1617645127.9150889, "price": "0.000125", "amount": "50578.31167842", "type": "buy"}, {"id": 705973061, "time": 1617645127.914824, "price": "0.000125", "amount": "39940.600884", "type": "buy"}, {"id": 705973060, "time": 1617645127.9145679, "price": "0.00012442", "amount": "20445.876", "type": "buy"}, {"id": 705973059, "time": 1617645127.91433, "price": "0.00012396", "amount": "0.008348", "type": "buy"}, {"id": 705973058, "time": 1617645127.913985, "price": "0.00012382", "amount": "0.00208958", "type": "buy"}, {"id": 705968019, "time": 1617645040.413954, "price": "0.000122", "amount": "99482.86", "type": "sell"}, {"id": 705949270, "time": 1617644723.838742, "price": "0.00012382", "amount": "169046.75034237", "type": "buy"}, {"id": 705949269, "time": 1617644723.8384681, "price": "0.00012369", "amount": "0.00965763", "type": "buy"}, {"id": 705948499, "time": 1617644711.821409, "price": "0.00012369", "amount": "23425.47", "type": "buy"}, {"id": 705932387, "time": 1617644479.606946, "price": "0.00012382", "amount": "9485.799", "type": "sell"}, {"id": 705898886, "time": 1617643996.090332, "price": "0.00012002", "amount": "166650.457", "type": "sell"}, {"id": 705852326, "time": 1617643401.343447, "price": "0.00012001", "amount": "178827.617", "type": "sell"}, {"id": 705813810, "time": 1617642935.362946, "price": "0.00012396", "amount": "37417.962652", "type": "buy"}, {"id": 705813809, "time": 1617642935.362716, "price": "0.0001235", "amount": "0.007348", "type": "buy"}, {"id": 705810325, "time": 1617642893.542208, "price": "0.0001235", "amount": "1968347.734", "type": "buy"}, {"id": 705810324, "time": 1617642893.5420151, "price": "0.000122", "amount": "1598197.67", "type": "buy"}, {"id": 705810323, "time": 1617642893.541815, "price": "0.000122", "amount": "1000000", "type": "buy"}, {"id": 705810322, "time": 1617642893.5416081, "price": "0.00012199", "amount": "104463", "type": "buy"}, {"id": 705810321, "time": 1617642893.5413549, "price": "0.00012164", "amount": "20445.876", "type": "buy"}, {"id": 705804951, "time": 1617642813.104363, "price": "0.00012", "amount": "83612.02583", "type": "buy"}, {"id": 705804950, "time": 1617642813.10411, "price": "0.00012", "amount": "254477.60423896", "type": "buy"}, {"id": 705804487, "time": 1617642805.706809, "price": "0.0001192", "amount": "375535.995003", "type": "buy"}, {"id": 705803988, "time": 1617642798.0042269, "price": "0.000119", "amount": "375535.99", "type": "buy"}, {"id": 705803478, "time": 1617642791.157409, "price": "0.00011899", "amount": "400000", "type": "buy"}, {"id": 705790807, "time": 1617642649.944581, "price": "0.00011899", "amount": "125254", "type": "buy"}, {"id": 705776931, "time": 1617642505.329212, "price": "0.00011898", "amount": "145177", "type": "sell"}, {"id": 705776774, "time": 1617642503.2743759, "price": "0.00011892", "amount": "0.007", "type": "buy"}, {"id": 705772088, "time": 1617642451.478127, "price": "0.00011892", "amount": "37417.964", "type": "buy"}, {"id": 705772087, "time": 1617642451.477905, "price": "0.00011885", "amount": "0.006", "type": "buy"}, {"id": 705770551, "time": 1617642431.9740291, "price": "0.00011885", "amount": "20445.87", "type": "buy"}, {"id": 705768260, "time": 1617642409.4405429, "price": "0.00011873", "amount": "60438.91197079", "type": "sell"}, {"id": 705766331, "time": 1617642392.011879, "price": "0.00011873", "amount": "0.00802921", "type": "buy"}, {"id": 705763841, "time": 1617642370.3379481, "price": "0.00011873", "amount": "11261.78", "type": "buy"}, {"id": 705752500, "time": 1617642261.4840569, "price": "0.0001185", "amount": "3781153.62141", "type": "buy"}, {"id": 705750935, "time": 1617642246.673316, "price": "0.00011849", "amount": "10433822.86425114", "type": "sell"}, {"id": 705750920, "time": 1617642246.564404, "price": "0.00011846", "amount": "527604", "type": "buy"}, {"id": 705750919, "time": 1617642246.564132, "price": "0.00011841", "amount": "9000", "type": "buy"}, {"id": 705750918, "time": 1617642246.563894, "price": "0.00011839", "amount": "140254.44566262", "type": "buy"}, {"id": 705739548, "time": 1617642114.037226, "price": "0.00011839", "amount": "44922.587", "type": "buy"}, {"id": 705738909, "time": 1617642108.083952, "price": "0.00011607", "amount": "14016", "type": "sell"}, {"id": 705735725, "time": 1617642076.0692, "price": "0.00011839", "amount": "0.0071", "type": "sell"}, {"id": 705733480, "time": 1617642056.5452011, "price": "0.00011839", "amount": "1291393.7829", "type": "buy"}, {"id": 705733479, "time": 1617642056.5449231, "price": "0.00011838", "amount": "527960", "type": "buy"}, {"id": 705729108, "time": 1617642016.4215469, "price": "0.00011607", "amount": "20445.876", "type": "buy"}, {"id": 705724230, "time": 1617641969.2412021, "price": "0.00011388", "amount": "37417.971", "type": "buy"}, {"id": 705724229, "time": 1617641969.2409811, "price": "0.00011328", "amount": "20445.876", "type": "buy"}, {"id": 705724228, "time": 1617641969.240695, "price": "0.00011327", "amount": "614.288504545", "type": "buy"}, {"id": 705710723, "time": 1617641812.834084, "price": "0.00011327", "amount": "179006.748963105", "type": "buy"}, {"id": 705710722, "time": 1617641812.8338699, "price": "0.00011151", "amount": "15993.251036895", "type": "buy"}, {"id": 705695456, "time": 1617641663.2923131, "price": "0.00011148", "amount": "72000", "type": "buy"}, {"id": 705690664, "time": 1617641618.877702, "price": "0.00011143", "amount": "108000", "type": "buy"}, {"id": 705685104, "time": 1617641568.452425, "price": "0.00011143", "amount": "271463.25", "type": "buy"}, {"id": 705682443, "time": 1617641539.2380509, "price": "0.00011146", "amount": "14297.37", "type": "buy"}, {"id": 705682037, "time": 1617641534.965426, "price": "0.00011147", "amount": "678658.113", "type": "buy"}, {"id": 705682036, "time": 1617641534.9651661, "price": "0.00011146", "amount": "98365.457", "type": "buy"}, {"id": 705680491, "time": 1617641520.401197, "price": "0.0001115", "amount": "655978.73", "type": "buy"}, {"id": 705611007, "time": 1617640946.999845, "price": "0.00011182", "amount": "85697.714", "type": "buy"}, {"id": 705611006, "time": 1617640946.9995439, "price": "0.00011181", "amount": "182566.615", "type": "buy"}, {"id": 705587537, "time": 1617640750.188565, "price": "0.00011049", "amount": "179554.117", "type": "sell"}, {"id": 705587511, "time": 1617640750.0657649, "price": "0.00011049", "amount": "20445.876", "type": "buy"}, {"id": 705587510, "time": 1617640750.0655141, "price": "0.00010769", "amount": "0.007", "type": "buy"}, {"id": 705578380, "time": 1617640665.12976, "price": "0.00010769", "amount": "630567.22", "type": "buy"}, {"id": 705575433, "time": 1617640640.6565051, "price": "0.00010771", "amount": "20445.876", "type": "sell"}, {"id": 705574349, "time": 1617640631.4177339, "price": "0.00011241", "amount": "8760926.36412161", "type": "buy"}, {"id": 705574348, "time": 1617640631.4175251, "price": "0.00011241", "amount": "30792.356", "type": "buy"}, {"id": 705574347, "time": 1617640631.4173291, "price": "0.0001124", "amount": "650935.396", "type": "buy"}, {"id": 705574346, "time": 1617640631.417129, "price": "0.00011049", "amount": "20445.876", "type": "buy"}, {"id": 705574345, "time": 1617640631.416904, "price": "0.00010771", "amount": "0.00787839", "type": "buy"}, {"id": 705561297, "time": 1617640517.7077849, "price": "0.00010771", "amount": "20445.86812161", "type": "buy"}, {"id": 705561296, "time": 1617640517.7075429, "price": "0.0001076", "amount": "14923.72187839", "type": "buy"}, {"id": 705482318, "time": 1617639767.2752991, "price": "0.00010492", "amount": "20445.876", "type": "sell"}, {"id": 705476169, "time": 1617639724.5504749, "price": "0.00010605", "amount": "471475.71900047", "type": "buy"}, {"id": 705476156, "time": 1617639724.45924, "price": "0.00010605", "amount": "1495748.07", "type": "buy"}, {"id": 705476152, "time": 1617639724.407717, "price": "0.00010606", "amount": "4069354.72", "type": "sell"}, {"id": 705476151, "time": 1617639724.4075069, "price": "0.00010607", "amount": "8809212.626", "type": "sell"}, {"id": 705476150, "time": 1617639724.4072821, "price": "0.00010608", "amount": "1291393.7829", "type": "sell"}, {"id": 705476149, "time": 1617639724.4070239, "price": "0.00010885", "amount": "569767.5205", "type": "sell"}, {"id": 705473939, "time": 1617639698.154695, "price": "0.00010885", "amount": "37417.971", "type": "buy"}, {"id": 705473938, "time": 1617639698.1544321, "price": "0.0001088", "amount": "55379.1105", "type": "buy"}, {"id": 705463451, "time": 1617639579.343945, "price": "0.00010852", "amount": "250552.588", "type": "buy"}, {"id": 705353882, "time": 1617638544.897222, "price": "0.00010799", "amount": "18416.34928433", "type": "buy"}, {"id": 705310285, "time": 1617638137.8314409, "price": "0.0001082", "amount": "727786.0905", "type": "buy"}, {"id": 705310284, "time": 1617638137.831166, "price": "0.0001082", "amount": "83068.6655", "type": "buy"}, {"id": 705179444, "time": 1617636485.2411301, "price": "0.00010854", "amount": "460489.96", "type": "buy"}, {"id": 705141464, "time": 1617635904.768666, "price": "0.00010771", "amount": "258623.88448288", "type": "sell"}, {"id": 705141457, "time": 1617635904.721689, "price": "0.00010771", "amount": "1033026.8142", "type": "sell"}, {"id": 705141435, "time": 1617635904.5045049, "price": "0.00010771", "amount": "20445.876", "type": "buy"}, {"id": 705123230, "time": 1617635596.6378219, "price": "0.00010754", "amount": "207671.6639", "type": "buy"}, {"id": 705053184, "time": 1617634650.856509, "price": "0.00010768", "amount": "792663.846", "type": "buy"}, {"id": 705044687, "time": 1617634509.522872, "price": "0.00010222", "amount": "74049", "type": "sell"}]], "id": null}
1617646742.187957: {"method": "trades.update", "params": ["ALN_USDT", [{"id": 706073825, "time": 1617646734.4907839, "price": "0.60194", "amount": "90.454", "type": "sell"}, {"id": 706071872, "time": 1617646696.073271, "price": "0.60487", "amount": "33.396", "type": "sell"}, {"id": 706069557, "time": 1617646655.750309, "price": "0.60488", "amount": "56.391", "type": "buy"}, {"id": 706069038, "time": 1617646645.9543071, "price": "0.60231", "amount": "80.928", "type": "sell"}, {"id": 706068756, "time": 1617646640.31672, "price": "0.5996", "amount": "12.563", "type": "sell"}, {"id": 706068755, "time": 1617646640.315757, "price": "0.59964", "amount": "2.561", "type": "sell"}, {"id": 706066342, "time": 1617646603.482959, "price": "0.60491", "amount": "74.391", "type": "sell"}, {"id": 706065333, "time": 1617646594.539418, "price": "0.604", "amount": "87.783", "type": "buy"}, {"id": 706064923, "time": 1617646588.3020189, "price": "0.60431", "amount": "11", "type": "sell"}, {"id": 706064548, "time": 1617646584.539304, "price": "0.60507", "amount": "2.516", "type": "sell"}, {"id": 706063356, "time": 1617646565.233315, "price": "0.60507", "amount": "72.151", "type": "sell"}, {"id": 706063355, "time": 1617646565.233078, "price": "0.60591", "amount": "2.516", "type": "sell"}, {"id": 706063197, "time": 1617646563.84359, "price": "0.613", "amount": "163.60732313", "type": "buy"}, {"id": 706063196, "time": 1617646563.843431, "price": "0.61278", "amount": "79.974", "type": "buy"}, {"id": 706063195, "time": 1617646563.8432469, "price": "0.61277", "amount": "2.516", "type": "buy"}, {"id": 706063194, "time": 1617646563.843015, "price": "0.61187", "amount": "2.561", "type": "buy"}, {"id": 706063193, "time": 1617646563.8428299, "price": "0.6115", "amount": "11", "type": "buy"}, {"id": 706063192, "time": 1617646563.8426349, "price": "0.60591", "amount": "2.516", "type": "buy"}, {"id": 706063191, "time": 1617646563.8424549, "price": "0.60545", "amount": "19.265", "type": "buy"}, {"id": 706063190, "time": 1617646563.842247, "price": "0.60544", "amount": "0.00067687", "type": "buy"}, {"id": 706063189, "time": 1617646563.841964, "price": "0.602", "amount": "138.437", "type": "buy"}, {"id": 706063155, "time": 1617646563.3566489, "price": "0.602", "amount": "6.423", "type": "sell"}, {"id": 706061872, "time": 1617646539.769321, "price": "0.602", "amount": "100", "type": "sell"}, {"id": 706060980, "time": 1617646524.326175, "price": "0.60355", "amount": "79.414", "type": "sell"}, {"id": 706060327, "time": 1617646513.9461401, "price": "0.60504", "amount": "36.361", "type": "buy"}, {"id": 706059399, "time": 1617646505.324254, "price": "0.60544", "amount": "9", "type": "buy"}, {"id": 706056691, "time": 1617646461.6919129, "price": "0.60501", "amount": "37.685", "type": "buy"}, {"id": 706055559, "time": 1617646443.4044549, "price": "0.602", "amount": "14.087", "type": "buy"}, {"id": 706055558, "time": 1617646443.4042749, "price": "0.59946", "amount": "12.306", "type": "buy"}, {"id": 706055557, "time": 1617646443.4040141, "price": "0.59905", "amount": "2.516", "type": "buy"}, {"id": 706053973, "time": 1617646418.434031, "price": "0.59513", "amount": "38.311", "type": "sell"}, {"id": 706052777, "time": 1617646395.1373789, "price": "0.59723", "amount": "71.061", "type": "sell"}, {"id": 706052106, "time": 1617646385.095067, "price": "0.59501", "amount": "36.974", "type": "sell"}, {"id": 706050557, "time": 1617646358.3480461, "price": "0.59578", "amount": "51.519", "type": "sell"}, {"id": 706049267, "time": 1617646333.8010991, "price": "0.59253", "amount": "37.129", "type": "sell"}, {"id": 706046000, "time": 1617646281.507447, "price": "0.59249", "amount": "38.482", "type": "buy"}, {"id": 706045139, "time": 1617646271.010139, "price": "0.5925", "amount": "10.24", "type": "buy"}, {"id": 706045128, "time": 1617646270.894522, "price": "0.5925", "amount": "10.2205", "type": "buy"}, {"id": 706043345, "time": 1617646244.356504, "price": "0.59735", "amount": "71.328", "type": "sell"}, {"id": 706043084, "time": 1617646238.235014, "price": "0.59904", "amount": "38.061", "type": "sell"}, {"id": 706042402, "time": 1617646225.5249901, "price": "0.5909", "amount": "282.74", "type": "sell"}, {"id": 706042191, "time": 1617646221.245208, "price": "0.5909", "amount": "1415.8709656768", "type": "sell"}, {"id": 706042190, "time": 1617646221.244967, "price": "0.59218", "amount": "2.516", "type": "sell"}, {"id": 706042189, "time": 1617646221.2447741, "price": "0.59229", "amount": "12.306", "type": "sell"}, {"id": 706042188, "time": 1617646221.2445331, "price": "0.59231", "amount": "27.8570343232", "type": "sell"}, {"id": 706040250, "time": 1617646193.9109731, "price": "0.60199", "amount": "35.549", "type": "sell"}, {"id": 706039300, "time": 1617646177.7211289, "price": "0.59946", "amount": "12.306", "type": "buy"}, {"id": 706039197, "time": 1617646175.396148, "price": "0.602", "amount": "8.518", "type": "buy"}, {"id": 706039196, "time": 1617646175.3958199, "price": "0.59905", "amount": "2.516", "type": "buy"}, {"id": 706039084, "time": 1617646172.8353529, "price": "0.5909", "amount": "7039.68772162", "type": "sell"}, {"id": 706039083, "time": 1617646172.8351181, "price": "0.59218", "amount": "2.516", "type": "sell"}, {"id": 706039082, "time": 1617646172.8349309, "price": "0.59229", "amount": "12.306", "type": "sell"}, {"id": 706039081, "time": 1617646172.8347139, "price": "0.59587", "amount": "22.605", "type": "sell"}, {"id": 706039080, "time": 1617646172.8344929, "price": "0.59616", "amount": "321.0402", "type": "sell"}, {"id": 706039079, "time": 1617646172.834255, "price": "0.59695", "amount": "1149.52549256", "type": "sell"}, {"id": 706039078, "time": 1617646172.8340411, "price": "0.59696", "amount": "240.7801", "type": "sell"}, {"id": 706039077, "time": 1617646172.8338151, "price": "0.59696", "amount": "53.07642", "type": "sell"}, {"id": 706039076, "time": 1617646172.8336091, "price": "0.59827", "amount": "19.265", "type": "sell"}, {"id": 706039075, "time": 1617646172.833385, "price": "0.59905", "amount": "2.516", "type": "sell"}, {"id": 706039074, "time": 1617646172.833159, "price": "0.59964", "amount": "2.561", "type": "sell"}, {"id": 706039073, "time": 1617646172.832911, "price": "0.60315", "amount": "2.67643482", "type": "sell"}, {"id": 706039072, "time": 1617646172.832612, "price": "0.60431", "amount": "11", "type": "sell"}, {"id": 706038533, "time": 1617646163.4823339, "price": "0.60543", "amount": "34.025", "type": "buy"}, {"id": 706037462, "time": 1617646150.296598, "price": "0.60591", "amount": "2.516", "type": "sell"}, {"id": 706037418, "time": 1617646149.38059, "price": "0.60605", "amount": "13.512", "type": "buy"}, {"id": 706037415, "time": 1617646149.360153, "price": "0.60605", "amount": "7.772", "type": "buy"}, {"id": 706037411, "time": 1617646149.3421459, "price": "0.60605", "amount": "10.7", "type": "buy"}, {"id": 706037410, "time": 1617646149.3396759, "price": "0.60605", "amount": "10.742", "type": "buy"}, {"id": 706037406, "time": 1617646149.3077929, "price": "0.60605", "amount": "0.0087", "type": "sell"}, {"id": 706037047, "time": 1617646144.813457, "price": "0.60605", "amount": "167.69", "type": "sell"}, {"id": 706036324, "time": 1617646132.142204, "price": "0.612", "amount": "79.974", "type": "buy"}, {"id": 706035707, "time": 1617646118.3390629, "price": "0.61172", "amount": "66.139", "type": "buy"}, {"id": 706034667, "time": 1617646098.9824049, "price": "0.61299", "amount": "72.678", "type": "buy"}, {"id": 706033569, "time": 1617646082.464999, "price": "0.60605", "amount": "100", "type": "sell"}, {"id": 706032529, "time": 1617646061.7306039, "price": "0.61311", "amount": "72.581", "type": "buy"}, {"id": 706032437, "time": 1617646060.20643, "price": "0.60605", "amount": "108", "type": "sell"}, {"id": 706031305, "time": 1617646041.5196879, "price": "0.60605", "amount": "98.782", "type": "sell"}, {"id": 706031304, "time": 1617646041.5191989, "price": "0.6061", "amount": "96.218", "type": "sell"}, {"id": 706031159, "time": 1617646038.755095, "price": "0.6124", "amount": "74.097", "type": "buy"}, {"id": 706030618, "time": 1617646030.3783879, "price": "0.61276", "amount": "73.73", "type": "sell"}, {"id": 706030239, "time": 1617646026.1951139, "price": "0.6061", "amount": "6.782", "type": "sell"}, {"id": 706030238, "time": 1617646026.194932, "price": "0.61041", "amount": "3.463", "type": "sell"}, {"id": 706030237, "time": 1617646026.194654, "price": "0.61187", "amount": "2.561", "type": "sell"}, {"id": 706028042, "time": 1617645998.084965, "price": "0.61276", "amount": "39.167", "type": "sell"}, {"id": 706026546, "time": 1617645977.0193369, "price": "0.61277", "amount": "2.48622", "type": "sell"}, {"id": 706026545, "time": 1617645977.019119, "price": "0.61657", "amount": "0.006", "type": "sell"}, {"id": 706026544, "time": 1617645977.0188069, "price": "0.62038", "amount": "0.001", "type": "sell"}, {"id": 706025559, "time": 1617645964.7717359, "price": "0.62152", "amount": "23.545", "type": "sell"}, {"id": 706025557, "time": 1617645964.7496381, "price": "0.62152", "amount": "11.852", "type": "sell"}, {"id": 706023165, "time": 1617645931.502203, "price": "0.62153", "amount": "67.417", "type": "buy"}, {"id": 706020735, "time": 1617645897.4114709, "price": "0.62153", "amount": "96.082", "type": "sell"}, {"id": 706019383, "time": 1617645872.1634581, "price": "0.6231", "amount": "68.277", "type": "buy"}, {"id": 706018148, "time": 1617645854.501431, "price": "0.62038", "amount": "1267.35", "type": "sell"}, {"id": 706017928, "time": 1617645852.112191, "price": "0.62038", "amount": "17.529", "type": "sell"}, {"id": 706017376, "time": 1617645844.2416911, "price": "0.62038", "amount": "10.294", "type": "sell"}, {"id": 706016770, "time": 1617645836.0540569, "price": "0.62038", "amount": "6.404", "type": "sell"}, {"id": 706016745, "time": 1617645835.8436871, "price": "0.62038", "amount": "13.911", "type": "sell"}, {"id": 706016739, "time": 1617645835.7916839, "price": "0.62038", "amount": "17.131", "type": "sell"}, {"id": 706016715, "time": 1617645835.5858819, "price": "0.62038", "amount": "20.26", "type": "buy"}, {"id": 706016486, "time": 1617645831.8490651, "price": "0.61658", "amount": "4.229", "type": "sell"}]], "id": null}
