configuration: {"trades":["SAND-USD","ETH-EUR","DAI-USD","LTC-USD","LRC-USD","ZEC-LTC","LINK-USD","LTC-BCH","ENJ-USD","UMA-USD"],"l2_book":["SAND-USD","ETH-EUR","DAI-USD","LTC-USD","LRC-USD","ZEC-LTC","LINK-USD","LTC-BCH","ENJ-USD","UMA-USD"]}
wss://api.gemini.com/v2/marketdata/ <-> 1617645247.7983308
wss://api.gemini.com/v2/marketdata/ <- 1617645247.9546921: {"type":"subscribe","subscriptions":[{"name":"l2","symbols":["SANDUSD","LTCBCH","ENJUSD","ETHEUR","LRCUSD","UMAUSD","LINKUSD","LTCUSD","DAIUSD","ZECLTC"]}]}
1617645247.9912572: {"type":"l2_updates","symbol":"ZECLTC","changes":[["buy","0.448","3.66354"],["buy","0.388","0.11"],["buy","0.333","0.3003"],["buy","0.25","0.1"],["buy","0.222","0.45045"],["buy","0.213","5.620051"],["buy","0.2","0.1"],["buy","0.111","0.9009"],["buy","0.077","1.298701"],["buy","0.02","5"],["buy","0.01","50"],["buy","0.001","1491.11"],["sell","0.997","1.75157"],["sell","0.999","0.073121"],["sell","1.111","0.012612"],["sell","1.25","3"],["sell","1.5","0.01"],["sell","1.67","50"],["sell","1.777","0.1287"],["sell","1.999","0.11"],["sell","2","0.1"],["sell","3","0.01"],["sell","6","0.01"],["sell","10","0.11"],["sell","14","0.1"],["sell","15","0.078285"],["sell","20","0.01"],["sell","99990","0.1"],["sell","999990","0.1"]],"trades":[{"type":"trade","symbol":"ZECLTC","event_id":31931954246,"timestamp":1617577029092,"price":"0.927","quantity":"1","side":"sell"},{"type":"trade","symbol":"ZECLTC","event_id":31901569042,"timestamp":1617557957335,"price":"0.924","quantity":"0.321199","side":"buy"},{"type":"trade","symbol":"ZECLTC","event_id":31893356103,"timestamp":1617553094438,"price":"0.934","quantity":"0.011","side":"sell"},{"type":"trade","symbol":"ZECLTC","event_id":31885193827,"timestamp":1617549756317,"price":"0.945","quantity":"0.011","side":"sell"},{"type":"trade","symbol":"ZECLTC","event_id":31884427566,"timestamp":1617549194932,"price":"0.947","quantity":"0.01","side":"sell"},{"type":"trade","symbol":"ZECLTC","event_id":31804981476,"timestamp":1617500756318,"price":"0.895","quantity":"0.026674","side":"sell"},{"type":"trade","symbol":"ZECLTC","event_id":31782905849,"timestamp":1617492348736,"price":"0.888","quantity":"0.073027","side":"buy"},{"type":"trade","symbol":"ZECLTC","event_id":31748813826,"timestamp":1617477799867,"price":"0.816","quantity":"0.1","side":"buy"},{"type":"trade","symbol":"ZECLTC","event_id":31586620474,"timestamp":1617396952927,"price":"0.816","quantity":"0.28","side":"sell"},{"type":"trade","symbol":"ZECLTC","event_id":31301137648,"timestamp":1617238876645,"price":"0.793","quantity":"1.27422871","side":"buy"},{"type":"trade","symbol":"ZECLTC","event_id":30947474628,"timestamp":1617077142271,"price":"0.773","quantity":"2.21793","side":"buy"},{"type":"trade","symbol":"ZECLTC","event_id":30860302019,"timestamp":1617036597362,"price":"0.776","quantity":"6.8263","side":"buy"},{"type":"trade","symbol":"ZECLTC","event_id":30860301387,"timestamp":1617036597231,"price":"0.776","quantity":"2.1737","side":"sell"},{"type":"trade","symbol":"ZECLTC","event_id":30857953526,"timestamp":1617035817718,"price":"0.781","quantity":"0.406995","side":"sell"},{"type":"trade","symbol":"ZECLTC","event_id":30857933316,"timestamp":1617035812028,"price":"0.781","quantity":"0.672826","side":"sell"},{"type":"trade","symbol":"ZECLTC","event_id":30661168816,"timestamp":1616950560631,"price":"0.726","quantity":"2.191955","side":"sell"},{"type":"trade","symbol":"ZECLTC","event_id":30596238130,"timestamp":1616912601754,"price":"0.724","quantity":"2.302847","side":"sell"},{"type":"trade","symbol":"ZECLTC","event_id":30535682219,"timestamp":1616879767486,"price":"0.73","quantity":"7.213473","side":"buy"},{"type":"trade","symbol":"ZECLTC","event_id":30315662511,"timestamp":1616790994352,"price":"0.715","quantity":"4.5539","side":"sell"},{"type":"trade","symbol":"ZECLTC","event_id":30308541145,"timestamp":1616787103754,"price":"0.717","quantity":"2.302264","side":"sell"},{"type":"trade","symbol":"ZECLTC","event_id":30189185713,"timestamp":1616729856667,"price":"0.712","quantity":"10.690096","side":"sell"},{"type":"trade","symbol":"ZECLTC","event_id":30189185711,"timestamp":1616729856667,"price":"0.715","quantity":"2.63604","side":"sell"},{"type":"trade","symbol":"ZECLTC","event_id":21839336106,"timestamp":1612412769408,"price":"0.617","quantity":"2.019662","side":"buy"},{"type":"trade","symbol":"ZECLTC","event_id":21970493281,"timestamp":1612518085238,"price":"0.603","quantity":"0.11","side":"sell"},{"type":"trade","symbol":"ZECLTC","event_id":22053128885,"timestamp":1612578083630,"price":"0.623","quantity":"1.580621","side":"buy"},{"type":"trade","symbol":"ZECLTC","event_id":22329708456,"timestamp":1612803501213,"price":"0.591","quantity":"1.002272","side":"buy"},{"type":"trade","symbol":"ZECLTC","event_id":22617593154,"timestamp":1613015708880,"price":"0.645","quantity":"2.84117","side":"sell"},{"type":"trade","symbol":"ZECLTC","event_id":22617594315,"timestamp":1613015709446,"price":"0.645","quantity":"2.84117","side":"sell"},{"type":"trade","symbol":"ZECLTC","event_id":23349974158,"timestamp":1613604021521,"price":"0.709","quantity":"2.00392","side":"sell"},{"type":"trade","symbol":"ZECLTC","event_id":23349974160,"timestamp":1613604021521,"price":"0.706","quantity":"0.68608","side":"sell"},{"type":"trade","symbol":"ZECLTC","event_id":23435395253,"timestamp":1613687632591,"price":"0.753","quantity":"0.004731","side":"buy"},{"type":"trade","symbol":"ZECLTC","event_id":23557071865,"timestamp":1613790856968,"price":"0.736","quantity":"0.13477","side":"buy"},{"type":"trade","symbol":"ZECLTC","event_id":23690563005,"timestamp":1613886364091,"price":"0.723","quantity":"1.190824","side":"buy"},{"type":"trade","symbol":"ZECLTC","event_id":23854582957,"timestamp":1613996781129,"price":"0.682","quantity":"1.786593","side":"sell"},{"type":"trade","symbol":"ZECLTC","event_id":23939826472,"timestamp":1614040055138,"price":"0.694","quantity":"1.771681","side":"buy"},{"type":"trade","symbol":"ZECLTC","event_id":23973713635,"timestamp":1614055380664,"price":"0.691","quantity":"2.215089","side":"sell"},{"type":"trade","symbol":"ZECLTC","event_id":23985216074,"timestamp":1614060673824,"price":"0.682","quantity":"0.32258","side":"sell"},{"type":"trade","symbol":"ZECLTC","event_id":24070305781,"timestamp":1614092675488,"price":"0.693","quantity":"0.891519","side":"sell"},{"type":"trade","symbol":"ZECLTC","event_id":24073923462,"timestamp":1614094438856,"price":"0.704","quantity":"0.072468","side":"buy"},{"type":"trade","symbol":"ZECLTC","event_id":24085067505,"timestamp":1614098631567,"price":"0.711","quantity":"0.981261","side":"buy"},{"type":"trade","symbol":"ZECLTC","event_id":24096279791,"timestamp":1614102205806,"price":"0.708","quantity":"0.32516","side":"sell"},{"type":"trade","symbol":"ZECLTC","event_id":24113162711,"timestamp":1614107492550,"price":"0.708","quantity":"2.757222","side":"sell"},{"type":"trade","symbol":"ZECLTC","event_id":24249565364,"timestamp":1614155850975,"price":"0.706","quantity":"0.781679","side":"buy"},{"type":"trade","symbol":"ZECLTC","event_id":24595344947,"timestamp":1614286801009,"price":"0.684","quantity":"0.098516","side":"sell"},{"type":"trade","symbol":"ZECLTC","event_id":24630041444,"timestamp":1614299831760,"price":"0.685","quantity":"0.040579","side":"buy"},{"type":"trade","symbol":"ZECLTC","event_id":24692298692,"timestamp":1614320076108,"price":"0.691","quantity":"2.749724","side":"sell"},{"type":"trade","symbol":"ZECLTC","event_id":24764821122,"timestamp":1614345030819,"price":"0.703","quantity":"1.630337","side":"buy"},{"type":"trade","symbol":"ZECLTC","event_id":24775968690,"timestamp":1614349012034,"price":"0.69","quantity":"0.706214","side":"sell"},{"type":"trade","symbol":"ZECLTC","event_id":24806272234,"timestamp":1614359713332,"price":"0.695","quantity":"0.01601","side":"buy"},{"type":"trade","symbol":"ZECLTC","event_id":24968994903,"timestamp":1614433059825,"price":"0.71","quantity":"0.984753","side":"buy"}],"auction_events":[]}
1617645248.013084: {"type":"l2_updates","symbol":"DAIUSD","changes":[["buy","1.00065","999.514989"],["buy","1.00053","3399.406494"],["buy","1.00052","1999.065046"],["buy","1.0005","10632.554677"],["buy","1.0004","14997.271111"],["buy","1.00","32687.505938"],["buy","0.99997","9000"],["buy","0.99991","782"],["buy","0.9999","11730"],["buy","0.99986","2270"],["buy","0.9998","10683.659732"],["buy","0.99973","30135.63"],["buy","0.9997","200"],["buy","0.99961","30000"],["buy","0.9996","2059.37"],["buy","0.9995","10815"],["buy","0.9993","14986.050235"],["buy","0.99927","325.2"],["buy","0.99917","100"],["buy","0.99911","2001.781586"],["buy","0.99906","100"],["buy","0.99903","100"],["buy","0.99902","6000"],["buy","0.99901","10000"],["buy","0.999","42702.002002"],["buy","0.99895","100"],["buy","0.9989","2003.469422"],["buy","0.99884","100"],["buy","0.99873","100"],["buy","0.99861","2102.783869"],["buy","0.99851","8000"],["buy","0.9985","4303.004507"],["buy","0.99839","2103.225192"],["buy","0.99828","100"],["buy","0.99824","2689"],["buy","0.99817","100"],["buy","0.99801","17854"],["buy","0.998","111732.014029"],["buy","0.99791","10437.98615"],["buy","0.9979","7500"],["buy","0.99757","16970"],["buy","0.9975","2355.38847"],["buy","0.9971","10000"],["buy","0.99706","326"],["buy","0.99701","300.89969"],["buy","0.997","12730.09027"],["buy","0.99695","7152.054726"],["buy","0.9968","10000"],["buy","0.99661","25520"],["buy","0.9966","5000"],["buy","0.9965","1150.010035"],["buy","0.9962","1001.5"],["buy","0.99601","50000"],["buy","0.996","10220.160642"],["buy","0.995","45918.469873"],["buy","0.994","115"],["buy","0.9935","500"],["buy","0.993","110"],["buy","0.9925","500"],["buy","0.992","110"],["buy","0.9919","35"],["buy","0.99128","100.87967"],["buy","0.991","5143.198789"],["buy","0.99002","10100.806044"],["buy","0.99001","1011"],["buy","0.99","5800.935353"],["buy","0.98949","12811"],["buy","0.985","253.807106"],["buy","0.98449","5147"],["buy","0.981","407.747196"],["buy","0.98002","2554"],["buy","0.98","33622.244897"],["buy","0.975","10025.062656"],["buy","0.971","514.933058"],["buy","0.97002","2555"],["buy","0.9551","2557"],["buy","0.94062","2569"],["buy","0.00201","24875.62189"],["buy","0.0012","416666.666666"],["buy","0.00112","29464.285714"],["buy","0.00101","49504.950495"],["buy","0.00011","300000"],["buy","0.00001","1989999.999999"],["sell","1.00161","648.568865"],["sell","1.00173","3497.764759"],["sell","1.00176","1998.260904"],["sell","1.00192","4996.13101"],["sell","1.00215","10378.437445"],["sell","1.00269","820.90783"],["sell","1.0027","1349.2029729"],["sell","1.00271","324.1"],["sell","1.00272","24478.289798"],["sell","1.00273","17174"],["sell","1.00275","13917.96588535"],["sell","1.00278","57272.43098364"],["sell","1.0028","97194.4635074"],["sell","1.003","4377.48262775"],["sell","1.00369","782"],["sell","1.0047","10487.882399"],["sell","1.00476","2689"],["sell","1.00884","29863.008384"],["sell","1.01","4118.9"],["sell","1.01187","13303"],["sell","1.01798","5186"],["sell","1.02","137.7"],["sell","1.02328","2593"],["sell","1.03","19.922303"],["sell","1.03338","2567"],["sell","1.035","7111.474746"],["sell","1.04","596.153847"],["sell","1.04792","2553"],["sell","1.06","100"],["sell","1.06296","2596"],["sell","1.25","499.001996"],["sell","1.48","55"],["sell","1.74","120"],["sell","1.90","50"],["sell","2.00","47.714056"],["sell","4899.00","89"],["sell","289900.00","10"]],"trades":[{"type":"trade","symbol":"DAIUSD","event_id":32076813217,"timestamp":1617645246508,"price":"1.00161","quantity":"18.388269","side":"buy"},{"type":"trade","symbol":"DAIUSD","event_id":32076544137,"timestamp":1617645106192,"price":"1.00053","quantity":"98.672902","side":"sell"},{"type":"trade","symbol":"DAIUSD","event_id":32076544135,"timestamp":1617645106192,"price":"1.0006","quantity":"42","side":"sell"},{"type":"trade","symbol":"DAIUSD","event_id":32076544133,"timestamp":1617645106192,"price":"1.00065","quantity":"999.514989","side":"sell"},{"type":"trade","symbol":"DAIUSD","event_id":32076544131,"timestamp":1617645106192,"price":"1.00126","quantity":"6.812109","side":"sell"},{"type":"trade","symbol":"DAIUSD","event_id":32076325067,"timestamp":1617644981428,"price":"1.00161","quantity":"283.800242","side":"buy"},{"type":"trade","symbol":"DAIUSD","event_id":32075214427,"timestamp":1617644452490,"price":"1.00161","quantity":"0.730211","side":"buy"},{"type":"trade","symbol":"DAIUSD","event_id":32075209800,"timestamp":1617644450295,"price":"1.00161","quantity":"47.694263","side":"buy"},{"type":"trade","symbol":"DAIUSD","event_id":32075067146,"timestamp":1617644356829,"price":"1.00126","quantity":"119.316487","side":"sell"},{"type":"trade","symbol":"DAIUSD","event_id":32074844098,"timestamp":1617644256719,"price":"1.00215","quantity":"3464.2194","side":"buy"},{"type":"trade","symbol":"DAIUSD","event_id":32074322842,"timestamp":1617644049722,"price":"1.00126","quantity":"0.519055","side":"sell"},{"type":"trade","symbol":"DAIUSD","event_id":32073814148,"timestamp":1617643874755,"price":"1.00149","quantity":"1027.121914","side":"buy"},{"type":"trade","symbol":"DAIUSD","event_id":32073814146,"timestamp":1617643874755,"price":"1.00139","quantity":"930.354489","side":"buy"},{"type":"trade","symbol":"DAIUSD","event_id":32073734980,"timestamp":1617643851011,"price":"1.00139","quantity":"69.088","side":"buy"},{"type":"trade","symbol":"DAIUSD","event_id":32073289143,"timestamp":1617643713090,"price":"1.00126","quantity":"873.352349","side":"buy"},{"type":"trade","symbol":"DAIUSD","event_id":32073163481,"timestamp":1617643664836,"price":"1.00126","quantity":"126.218609","side":"buy"},{"type":"trade","symbol":"DAIUSD","event_id":32072771075,"timestamp":1617643521108,"price":"1.00052","quantity":"0.194816","side":"sell"},{"type":"trade","symbol":"DAIUSD","event_id":32072758825,"timestamp":1617643513686,"price":"1.00148","quantity":"361.328196","side":"buy"},{"type":"trade","symbol":"DAIUSD","event_id":32072758823,"timestamp":1617643513686,"price":"1.00138","quantity":"999.457604","side":"buy"},{"type":"trade","symbol":"DAIUSD","event_id":32072468003,"timestamp":1617643392864,"price":"1.00123","quantity":"8.954126","side":"buy"},{"type":"trade","symbol":"DAIUSD","event_id":32072464756,"timestamp":1617643391948,"price":"1.00164","quantity":"4408.124772","side":"buy"},{"type":"trade","symbol":"DAIUSD","event_id":32072464754,"timestamp":1617643391948,"price":"1.0016","quantity":"558.847969","side":"buy"},{"type":"trade","symbol":"DAIUSD","event_id":32072191580,"timestamp":1617643295096,"price":"1.0016","quantity":"244.657811","side":"buy"},{"type":"trade","symbol":"DAIUSD","event_id":32071901901,"timestamp":1617643202380,"price":"1.0016","quantity":"195.716315","side":"buy"},{"type":"trade","symbol":"DAIUSD","event_id":32071562372,"timestamp":1617643075312,"price":"1.00194","quantity":"124.334448","side":"buy"},{"type":"trade","symbol":"DAIUSD","event_id":32071562370,"timestamp":1617643075312,"price":"1.00185","quantity":"454.917461","side":"buy"},{"type":"trade","symbol":"DAIUSD","event_id":32071253831,"timestamp":1617642944597,"price":"1.00185","quantity":"96.349045","side":"buy"},{"type":"trade","symbol":"DAIUSD","event_id":32070972717,"timestamp":1617642830430,"price":"1.00185","quantity":"447.6","side":"buy"},{"type":"trade","symbol":"DAIUSD","event_id":32070805790,"timestamp":1617642751942,"price":"1.00185","quantity":"907.26155012","side":"sell"},{"type":"trade","symbol":"DAIUSD","event_id":32070754816,"timestamp":1617642731348,"price":"1.00185","quantity":"4996.743557","side":"sell"},{"type":"trade","symbol":"DAIUSD","event_id":32070754466,"timestamp":1617642731216,"price":"1.00185","quantity":"96.324171","side":"buy"},{"type":"trade","symbol":"DAIUSD","event_id":32070754464,"timestamp":1617642731216,"price":"1.00185","quantity":"998.866506","side":"buy"},{"type":"trade","symbol":"DAIUSD","event_id":32070754462,"timestamp":1617642731216,"price":"1.00185","quantity":"700.80421588","side":"buy"},{"type":"trade","symbol":"DAIUSD","event_id":32070531577,"timestamp":1617642653869,"price":"1.00185","quantity":"96.349045","side":"buy"},{"type":"trade","symbol":"DAIUSD","event_id":32070530836,"timestamp":1617642653541,"price":"1.00185","quantity":"1.98934412","side":"buy"},{"type":"trade","symbol":"DAIUSD","event_id":32070270931,"timestamp":1617642529855,"price":"1.00059","quantity":"117.613726","side":"sell"},{"type":"trade","symbol":"DAIUSD","event_id":32069580672,"timestamp":1617642256569,"price":"1.00156","quantity":"1000","side":"sell"},{"type":"trade","symbol":"DAIUSD","event_id":32069568302,"timestamp":1617642251830,"price":"1.00185","quantity":"18.383886","side":"buy"},{"type":"trade","symbol":"DAIUSD","event_id":32069562828,"timestamp":1617642250126,"price":"1.00185","quantity":"100.321792","side":"buy"},{"type":"trade","symbol":"DAIUSD","event_id":32068756790,"timestamp":1617641934902,"price":"1.00156","quantity":"0.87683","side":"sell"},{"type":"trade","symbol":"DAIUSD","event_id":32068281973,"timestamp":1617641715217,"price":"1.00185","quantity":"96.349045","side":"buy"},{"type":"trade","symbol":"DAIUSD","event_id":32068104719,"timestamp":1617641652668,"price":"1.00185","quantity":"129.759944","side":"buy"},{"type":"trade","symbol":"DAIUSD","event_id":32067833929,"timestamp":1617641547796,"price":"1.00185","quantity":"195.667719","side":"buy"},{"type":"trade","symbol":"DAIUSD","event_id":32066914992,"timestamp":1617641227749,"price":"1.0005","quantity":"648.445323","side":"sell"},{"type":"trade","symbol":"DAIUSD","event_id":32066914990,"timestamp":1617641227749,"price":"1.00058","quantity":"999.530384","side":"sell"},{"type":"trade","symbol":"DAIUSD","event_id":32066914988,"timestamp":1617641227749,"price":"1.00068","quantity":"4176.012147","side":"sell"},{"type":"trade","symbol":"DAIUSD","event_id":32066652356,"timestamp":1617641130728,"price":"1.00068","quantity":"5823.987853","side":"sell"},{"type":"trade","symbol":"DAIUSD","event_id":32066405349,"timestamp":1617641040151,"price":"1.00185","quantity":"3.982678","side":"buy"},{"type":"trade","symbol":"DAIUSD","event_id":32064917442,"timestamp":1617640484458,"price":"1.00072","quantity":"96.349045","side":"sell"},{"type":"trade","symbol":"DAIUSD","event_id":32064827017,"timestamp":1617640448778,"price":"1.00185","quantity":"0.117852","side":"buy"}],"auction_events":[]}
1617645248.088543: {"type":"l2_updates","symbol":"LTCUSD","changes":[["buy","215.97","19"],["buy","215.96","7.98"],["buy","215.92","1.23246"],["buy","215.91","1.24"],["buy","215.83","24.38"],["buy","215.79","31"],["buy","215.59","80.49"],["buy","215.51","77.5"],["buy","215.47","2.13771"],["buy","215.46","99.65759"],["buy","215.32","47.6"],["buy","214.99","263"],["buy","214.68","548.24999"],["buy","214.64","826.96"],["buy","214.53","69.77651"],["buy","214.33","56.88864"],["buy","214.19","109.6084"],["buy","214.06","0.0151"],["buy","213.66","412.91"],["buy","212.80","0.01519"],["buy","212.78","158.39"],["buy","212.67","223.80014"],["buy","212.00","9.40566"],["buy","211.88","83.11"],["buy","211.55","0.01528"],["buy","210.31","0.01537"],["buy","210.00","0.47619"],["buy","209.73","0.02448"],["buy","209.51","0.09375"],["buy","209.07","0.01546"],["buy","208.81","0.09371"],["buy","207.84","0.01556"],["buy","207.31","80.62"],["buy","206.70","0.11611"],["buy","206.62","0.01565"],["buy","206.56","79.51"],["buy","206.35","5"],["buy","205.72","0.10191"],["buy","205.71","19.44484"],["buy","205.68","2"],["buy","205.40","0.01574"],["buy","205.37","5"],["buy","205.25","5"],["buy","204.75","1"],["buy","204.20","0.01583"],["buy","203.76","0.12849"],["buy","203.75","15"],["buy","203.67","0.8"],["buy","203.28","3"],["buy","203.00","0.01593"],["buy","201.57","0.1011"],["buy","201.56","5"],["buy","201.48","8.2564"],["buy","201.00","4.43762"],["buy","200.00","5.5"],["buy","198.87","79.64"],["buy","198.77","0.02291"],["buy","198.49","0.2519"],["buy","198.00","481.6528"],["buy","197.68","0.22764"],["buy","197.35","7.3"],["buy","197.30","0.02386"],["buy","197.28","0.11077"],["buy","195.84","0.02419"],["buy","195.27","0.1107"],["buy","195.00","12.1715"],["buy","194.92","0.11062"],["buy","194.72","2.5"],["buy","194.39","0.02453"],["buy","193.50","2.6839"],["buy","193.25","15"],["buy","193.01","0.11077"],["buy","193.00","3.07301"],["buy","192.95","0.02392"],["buy","192.64","0.01479"],["buy","192.50","2.6"],["buy","192.00","6.21"],["buy","191.76","0.46933"],["buy","191.59","1.5"],["buy","191.52","0.02301"],["buy","191.37","0.13063"],["buy","191.01","0.21791"],["buy","191.00","10.25"],["buy","190.75","0.18238"],["buy","190.74","0.21284"],["buy","190.72","0.25344"],["buy","190.50","0.05846"],["buy","190.11","0.05846"],["buy","190.10","0.02246"],["buy","190.01","0.30876"],["buy","190.00","24.72348"],["buy","189.72","0.0015"],["buy","189.00","1.1"],["buy","188.69","0.02246"],["buy","188.04","0.01488"],["buy","188.00","954"],["buy","187.54","1.5874"],["buy","187.50","2.6667"],["buy","187.29","0.02308"],["buy","187.00","1.5"],["buy","186.85","3.19438"],["buy","186.73","0.06"],["buy","186.00","0.10672"],["buy","185.99","5.75"],["buy","185.90","0.02281"],["buy","185.46","10"],["buy","185.00","28.87864"],["buy","184.70","5"],["buy","184.52","0.02312"],["buy","184.20","1"],["buy","184.00","0.11817"],["buy","183.64","0.15144"],["buy","183.22","70"],["buy","183.15","0.02313"],["buy","182.64","0.0156"],["buy","182.49","0.1517"],["buy","181.81","0.75992"],["buy","181.79","0.02313"],["buy","181.66","0.03695"],["buy","181.00","10"],["buy","180.99","1"],["buy","180.65","0.77371"],["buy","180.44","0.0231"],["buy","180.00","74.78333"],["buy","179.94","0.16672"],["buy","179.10","0.02256"],["buy","179.07","0.08616"],["buy","178.41","0.04017"],["buy","178.11","0.016"],["buy","178.00","9"],["buy","177.77","0.02228"],["buy","177.01","1.63"],["buy","176.67","0.06"],["buy","176.45","0.02231"],["buy","176.20","1"],["buy","176.00","0.05664"],["buy","175.50","1"],["buy","175.14","0.02259"],["buy","175.00","70.1185"],["buy","174.54","0.57293"],["buy","174.00","4"],["buy","173.84","0.02231"],["buy","173.77","6"],["buy","173.33","1.17"],["buy","172.55","0.02259"],["buy","172.27","5"],["buy","172.00","19.18604"],["buy","171.27","0.02289"],["buy","170.00","82.58604"],["buy","169.00","3"],["buy","168.00","18.71564"],["buy","167.19","12"],["buy","167.00","2.7"],["buy","166.91","5"],["buy","166.77","4"],["buy","166.67","0.07"],["buy","166.51","1"],["buy","166.00","5.27981"],["buy","165.00","23.2515"],["buy","164.00","0.21531"],["buy","163.12","5"],["buy","163.00","40"],["buy","162.50","0.76351"],["buy","162.00","0.01513"],["buy","161.55","0.619"],["buy","161.20","30.39"],["buy","161.00","1"],["buy","160.90","10"],["buy","160.44","40.6"],["buy","160.00","213.60995"],["buy","159.51","4"],["buy","159.29","1"],["buy","158.15","20"],["buy","158.00","0.01461"],["buy","157.00","4.095"],["buy","156.70","0.07"],["buy","156.00","4.01478"],["buy","155.88","1"],["buy","155.25","60"],["buy","155.00","52.45"],["buy","154.25","0.09724"],["buy","154.00","0.07955"],["buy","153.33","10"],["buy","153.10","1"],["buy","153.00","3.14"],["buy","152.76","2"],["buy","152.15","12"],["buy","152.00","761.54072"],["buy","151.00","8.25"],["buy","150.82","0.03"],["buy","150.73","1"],["buy","150.10","1"],["buy","150.00","885.51359"],["buy","149.98","15"],["buy","149.00","10"],["buy","148.88","1.09"],["buy","148.50","20.101"],["buy","148.00","0.07525"],["buy","147.89","10"],["buy","147.35","0.65"],["buy","146.00","0.01444"],["buy","145.82","0.03"],["buy","145.00","36.4844"],["buy","144.49","5"],["buy","144.40","0.06925"],["buy","144.00","0.01428"],["buy","143.74","1.64"],["buy","142.75","0.10507"],["buy","142.38","1"],["buy","142.33","1"],["buy","142.00","0.01425"],["buy","141.91","1"],["buy","141.00","45.08"],["buy","140.87","10"],["buy","140.82","0.04"],["buy","140.32","4"],["buy","140.15","17"],["buy","140.00","33.98703"],["buy","139.51","5"],["buy","139.00","10"],["buy","138.89","15"],["buy","138.00","0.01482"],["buy","137.50","1.75"],["buy","137.00","6.10948"],["buy","136.52","11.57"],["buy","136.00","0.01485"],["buy","135.82","0.04"],["buy","135.00","6.22222"],["buy","134.21","19.28"],["buy","134.00","0.01485"],["buy","132.00","0.01519"],["buy","131.91","27"],["buy","131.82","1"],["buy","131.00","3.00001"],["buy","130.82","0.04"],["buy","130.00","578.54589"],["buy","129.61","34.71"],["buy","129.54","5"],["buy","129.00","0.38"],["buy","128.00","6.01537"],["buy","127.00","4.03937"],["buy","126.07","1"],["buy","126.05","33"],["buy","126.00","0.01453"],["buy","125.82","0.04"],["buy","125.73","1"],["buy","125.25","0.12974"],["buy","125.10","7.5"],["buy","125.00","562.62"],["buy","124.56","5"],["buy","124.55","1.60578"],["buy","124.00","0.01434"],["buy","122.00","0.46434"],["buy","121.40","12"],["buy","121.00","15"],["buy","120.00","6.92226"],["buy","119.34","35"],["buy","117.61","5"],["buy","117.37","11"],["buy","115.00","1.71739"],["buy","112.88","4.42948"],["buy","112.00","26.6"],["buy","111.81","0.1"],["buy","111.01","14.41"],["buy","111.00","26.4954"],["buy","110.00","1.63636"],["buy","109.06","18.01"],["buy","109.00","29.81"],["buy","107.41","1.86202"],["buy","107.11","21.61"],["buy","107.00","72.6342"],["buy","106.70","4"],["buy","106.42","10.44239"],["buy","105.84","10.49962"],["buy","105.26","10.55747"],["buy","105.16","25.22"],["buy","105.00","1.2381"],["buy","104.68","10.61597"],["buy","104.15","30"],["buy","104.10","10.67512"],["buy","103.52","10.73493"],["buy","103.20","28.82"],["buy","102.94","10.79541"],["buy","102.88","4.86003"],["buy","102.36","10.85658"],["buy","102.20","2"],["buy","101.78","10.91845"],["buy","101.25","32.42"],["buy","101.21","10.97994"],["buy","101.00","30"],["buy","100.63","11.04322"],["buy","100.53","10"],["buy","100.17","3"],["buy","100.05","11.10724"],["buy","100.00","12.38"],["buy","99.47","11.17201"],["buy","99.30","36.03"],["buy","99.00","0.35151"],["buy","98.89","11.23753"],["buy","98.31","11.30383"],["buy","97.73","11.37091"],["buy","97.50","0.25641"],["buy","97.35","39.63"],["buy","97.15","11.4388"],["buy","97.00","200"],["buy","96.57","11.5075"],["buy","96.20","0.66"],["buy","96.00","135.76145"],["buy","95.40","43.23"],["buy","95.00","43.08894"],["buy","94.50","1"],["buy","93.20","0.2"],["buy","92.50","0.27027"],["buy","92.46","15"],["buy","91.00","30"],["buy","90.79","1.19"],["buy","90.00","80.27778"],["buy","88.46","25"],["buy","88.09","1.46"],["buy","87.50","0.28571"],["buy","86.40","16.2"],["buy","85.38","1.72"],["buy","85.17","19.44"],["buy","85.00","4.29412"],["buy","83.93","22.68"],["buy","83.72","15"],["buy","82.70","25.92"],["buy","82.50","0.30303"],["buy","81.47","29.16"],["buy","81.00","1.8"],["buy","80.23","32.4"],["buy","80.00","125.3125"],["buy","79.00","35.64"],["buy","77.76","38.88"],["buy","77.50","0.32258"],["buy","75.00","0.53333"],["buy","74.45","4.02955"],["buy","72.50","0.34483"],["buy","70.00","0.50528"],["buy","67.50","0.37037"],["buy","65.00","0.38462"],["buy","63.00","500"],["buy","62.50","0.4"],["buy","61.00","1"],["buy","60.00","17.33037"],["buy","57.50","0.43478"],["buy","57.42","0.5"],["buy","57.00","20"],["buy","55.00","0.45455"],["buy","54.98","0.5"],["buy","52.00","0.48077"],["buy","50.00","3.3732"],["buy","49.00","0.5102"],["buy","48.00","0.52083"],["buy","47.00","0.53191"],["buy","46.00","0.5217"],["buy","45.00","0.55556"],["buy","44.00","0.56818"],["buy","43.00","1.62779"],["buy","42.00","4.19048"],["buy","41.00","1.21951"],["buy","40.00","6.5"],["buy","38.00","25"],["buy","37.77","0.1533"],["buy","37.13","5"],["buy","37.00","5"],["buy","36.98","0.5"],["buy","36.00","1.02778"],["buy","35.00","9.42857"],["buy","34.00","3.5"],["buy","33.33","33.3333"],["buy","33.00","1"],["buy","32.00","3"],["buy","31.00","101"],["buy","30.00","7"],["buy","29.75","250"],["buy","29.00","1"],["buy","28.00","1"],["buy","27.00","101"],["buy","26.00","1"],["buy","25.00","50.01"],["buy","24.00","1"],["buy","23.67","0.21123"],["buy","23.49","10.39"],["buy","23.18","1"],["buy","23.00","2"],["buy","22.00","2"],["buy","21.50","1"],["buy","21.00","2.5"],["buy","20.03","2.175"],["buy","20.00","2.3375"],["buy","19.00","1"],["buy","18.89","131.888"],["buy","18.46","28"],["buy","18.06","100"],["buy","17.51","20"],["buy","16.79","19"],["buy","15.00","1"],["buy","14.00","14.14285"],["buy","13.00","38.08"],["buy","11.35","2500"],["buy","11.00","4.5"],["buy","7.00","0.71428"],["buy","5.01","10"],["buy","3.00","1.11111"],["buy","1.66","9000"],["buy","1.11","1.11"],["buy","1.00","901"],["buy","0.25","26"],["buy","0.16","1"],["buy","0.10","761.5"],["buy","0.01","55134"],["sell","216.06","1.24"],["sell","216.10","1.23246"],["sell","216.11","19"],["sell","216.20","34.7266"],["sell","216.21","31"],["sell","216.23","46.3002"],["sell","216.38","23.978"],["sell","216.45","26.496"],["sell","216.52","7.98"],["sell","216.53","77.5"],["sell","216.80","24.38"],["sell","216.81","50"],["sell","217.02","80.49"],["sell","217.03","0.01501"],["sell","217.18","62"],["sell","217.49","156.31714"],["sell","217.51","169.4"],["sell","217.59","0.09273"],["sell","218.00","1.1"],["sell","218.26","0.02131"],["sell","218.31","107.93549"],["sell","218.36","409.32"],["sell","218.50","356"],["sell","218.88","6"],["sell","219.00","19.1"],["sell","219.16","165.49"],["sell","219.17","229.98418"],["sell","219.61","0.01565"],["sell","219.86","651.5"],["sell","219.89","0.02159"],["sell","220.00","243.00053"],["sell","220.50","24.81"],["sell","220.91","0.01565"],["sell","221.00","3.1"],["sell","221.22","675.4"],["sell","221.45","83.81"],["sell","221.53","0.02078"],["sell","222.00","2.51"],["sell","222.21","0.01565"],["sell","222.57","1470.8"],["sell","223.00","30.85445"],["sell","223.19","0.02054"],["sell","223.37","79.65"],["sell","223.53","0.01565"],["sell","223.63","0.08532"],["sell","224.00","4.5"],["sell","224.07","0.10756"],["sell","224.22","80.58"],["sell","224.50","0.08532"],["sell","224.80","8.30102"],["sell","224.85","0.01565"],["sell","224.86","0.02054"],["sell","225.00","63.07432"],["sell","226.18","0.01565"],["sell","226.54","0.02131"],["sell","227.00","0.4"],["sell","227.52","0.01565"],["sell","227.90","28.43377"],["sell","228.00","45.4"],["sell","228.23","0.02131"],["sell","228.57","3.50961"],["sell","228.86","0.01565"],["sell","229.00","9.2"],["sell","229.36","79.16"],["sell","229.94","0.02078"],["sell","230.00","126.93406"],["sell","230.22","0.01565"],["sell","230.55","0.10844"],["sell","230.59","3"],["sell","231.00","0.6125"],["sell","231.58","0.01565"],["sell","232.00","1"],["sell","232.34","0.08384"],["sell","232.50","14.64733"],["sell","232.54","3"],["sell","232.78","0.08384"],["sell","232.95","0.01565"],["sell","233.00","16.68"],["sell","233.22","0.08384"],["sell","233.35","1.9668"],["sell","233.80","0.997"],["sell","234.00","51"],["sell","234.10","8"],["sell","234.32","0.01565"],["sell","234.56","0.42787"],["sell","235.00","82.63744"],["sell","235.72","0.01565"],["sell","236.00","0.19135"],["sell","236.73","1"],["sell","237.00","2.11824"],["sell","237.11","0.01565"],["sell","238.00","27.5"],["sell","238.52","0.01565"],["sell","239.00","4.1"],["sell","239.60","17"],["sell","239.67","0.3"],["sell","239.90","5"],["sell","239.92","0.5"],["sell","239.93","0.01565"],["sell","240.00","169.38871"],["sell","240.55","0.10393"],["sell","240.77","0.13"],["sell","240.99","0.029"],["sell","241.13","0.07718"],["sell","241.34","0.01565"],["sell","241.57","0.07718"],["sell","241.69","8"],["sell","242.00","4.34718"],["sell","242.50","0.02"],["sell","242.77","0.01565"],["sell","242.97","0.5"],["sell","243.00","42.0578"],["sell","243.06","0.5"],["sell","243.92","1"],["sell","243.95","0.5"],["sell","244.00","10.01"],["sell","244.12","25"],["sell","244.21","0.01565"],["sell","244.88","0.4856"],["sell","245.00","36.29713"],["sell","245.65","0.01565"],["sell","245.88","0.5"],["sell","245.97","0.51894"],["sell","246.00","20"],["sell","246.93","1"],["sell","247.00","123.971"],["sell","247.11","0.01565"],["sell","248.00","112"],["sell","248.40","4"],["sell","248.57","0.01565"],["sell","249.00","150.04814"],["sell","249.01","0.21934"],["sell","249.02","6"],["sell","249.25","0.7397"],["sell","249.77","0.2"],["sell","249.99","0.5"],["sell","250.00","331.26397"],["sell","250.04","20.01565"],["sell","250.55","0.09978"],["sell","250.58","4"],["sell","250.95","5"],["sell","251.33","2.5"],["sell","251.52","0.01565"],["sell","252.52","6"],["sell","253.01","0.01565"],["sell","253.21","1"],["sell","254.50","0.01565"],["sell","255.00","23.26518"],["sell","255.34","0.10196"],["sell","256.01","0.01565"],["sell","256.93","1"],["sell","257.00","1.895"],["sell","257.53","0.01565"],["sell","259.00","4"],["sell","259.05","0.01565"],["sell","260.00","13.534"],["sell","260.58","0.01565"],["sell","262.12","0.01565"],["sell","263.68","0.01565"],["sell","265.00","6.54659"],["sell","265.24","0.01565"],["sell","266.00","0.01"],["sell","266.80","0.01565"],["sell","268.38","0.01565"],["sell","269.00","0.5"],["sell","269.60","5"],["sell","269.69","1"],["sell","269.96","0.01565"],["sell","270.00","14.407"],["sell","272.00","3.34"],["sell","272.70","0.965"],["sell","272.80","0.5"],["sell","274.00","1.52964"],["sell","275.00","4.16197"],["sell","277.00","0.01"],["sell","278.00","10"],["sell","278.88","5"],["sell","279.88","25"],["sell","280.00","2.1"],["sell","282.00","4"],["sell","285.00","53"],["sell","288.00","5.01"],["sell","289.00","5"],["sell","290.00","4.47523"],["sell","292.00","3"],["sell","292.99","0.74"],["sell","295.00","56.977"],["sell","296.00","50"],["sell","297.00","5"],["sell","298.00","6"],["sell","298.03","1.5"],["sell","299.00","1.03"],["sell","300.00","203.17131"],["sell","308.00","5"],["sell","309.16","68.685"],["sell","310.00","50"],["sell","311.00","9.0625"],["sell","311.69","1"],["sell","315.00","3"],["sell","318.00","10.69"],["sell","322.00","0.01"],["sell","324.77","1"],["sell","325.00","112.84596"],["sell","329.00","0.25"],["sell","330.00","8.02"],["sell","333.00","3.8159"],["sell","339.00","0.08"],["sell","339.90","4"],["sell","340.00","130"],["sell","344.00","0.01"],["sell","345.00","1"],["sell","347.00","6.44322"],["sell","349.00","5.47726"],["sell","350.00","192.51"],["sell","353.00","0.61397"],["sell","355.00","0.01"],["sell","358.18","0.45"],["sell","359.99","0.5"],["sell","360.00","92.15413"],["sell","366.00","0.01"],["sell","369.00","0.999"],["sell","369.42","5"],["sell","369.69","3"],["sell","375.00","67.83"],["sell","377.00","18.01"],["sell","388.00","0.01"],["sell","389.00","2"],["sell","390.00","2"],["sell","397.09","13.98"],["sell","398.00","1"],["sell","398.04","2.88"],["sell","399.00","0.03"],["sell","400.00","28.77516"],["sell","402.00","1"],["sell","411.00","0.01"],["sell","419.42","2.23954"],["sell","420.00","4.96"],["sell","420.69","1.5"],["sell","422.00","0.01"],["sell","425.00","2.673"],["sell","433.00","0.01"],["sell","444.00","0.01"],["sell","449.00","1"],["sell","450.00","31.1"],["sell","455.00","0.01"],["sell","466.00","0.01"],["sell","470.00","55"],["sell","475.00","4.1"],["sell","477.00","0.01"],["sell","480.00","100"],["sell","481.00","25"],["sell","488.00","0.01"],["sell","489.99","2"],["sell","495.00","7.5"],["sell","498.00","1"],["sell","499.00","0.02"],["sell","500.00","162.35"],["sell","511.00","0.01"],["sell","522.00","0.01"],["sell","524.00","4"],["sell","529.83","1052.63"],["sell","533.00","0.01"],["sell","538.00","5"],["sell","544.00","0.01"],["sell","549.00","1"],["sell","550.00","5"],["sell","555.00","5.01"],["sell","566.00","0.01"],["sell","577.00","9.01"],["sell","588.00","6.35"],["sell","599.00","20.12"],["sell","600.23","90"],["sell","611.00","0.01"],["sell","622.00","0.01"],["sell","627.27","2.55"],["sell","630.00","3"],["sell","633.00","0.01"],["sell","644.00","0.01"],["sell","650.00","5"],["sell","666.00","5.1"],["sell","669.69","2.817"],["sell","690.00","5"],["sell","709.07","0.01709"],["sell","777.00","5.1"],["sell","800.00","2"],["sell","824.08","15"],["sell","828.87","5"],["sell","830.00","7.5"],["sell","850.00","5.05227"],["sell","853.00","1.999"],["sell","888.00","5.1"],["sell","907.09","0.01"],["sell","945.00","120"],["sell","989.00","10"],["sell","999.00","50.11"],["sell","1000.00","27.21739"],["sell","1113.69","3.63166"],["sell","1200.00","5"],["sell","1400.00","10"],["sell","1450.00","37.80098"],["sell","1478.00","1"],["sell","1489.00","5"],["sell","1500.00","2"],["sell","1700.00","5"],["sell","1888.00","1"],["sell","1950.00","2"],["sell","1999.00","0.01"],["sell","2000.00","1"],["sell","2888.00","1"],["sell","2999.00","0.01"],["sell","3888.00","1"],["sell","4500.00","50.21"],["sell","4840.00","280"],["sell","5999.00","0.01"],["sell","9999.00","0.01"],["sell","10000.00","40"],["sell","50000.00","1"]],"trades":[{"type":"trade","symbol":"LTCUSD","event_id":32076748324,"timestamp":1617645210744,"price":"216.14","quantity":"0.12","side":"sell"},{"type":"trade","symbol":"LTCUSD","event_id":32076690104,"timestamp":1617645184784,"price":"215.83","quantity":"0.04647","side":"buy"},{"type":"trade","symbol":"LTCUSD","event_id":32076690102,"timestamp":1617645184784,"price":"215.82","quantity":"0.97538","side":"buy"},{"type":"trade","symbol":"LTCUSD","event_id":32076651173,"timestamp":1617645160350,"price":"215.83","quantity":"2.96234","side":"buy"},{"type":"trade","symbol":"LTCUSD","event_id":32076651171,"timestamp":1617645160350,"price":"215.82","quantity":"1.57917","side":"buy"},{"type":"trade","symbol":"LTCUSD","event_id":32076636183,"timestamp":1617645153240,"price":"215.82","quantity":"1.10816","side":"buy"},{"type":"trade","symbol":"LTCUSD","event_id":32076611568,"timestamp":1617645139965,"price":"215.84","quantity":"0.0722","side":"sell"},{"type":"trade","symbol":"LTCUSD","event_id":32076611558,"timestamp":1617645139965,"price":"215.84","quantity":"2.4078","side":"sell"},{"type":"trade","symbol":"LTCUSD","event_id":32076611549,"timestamp":1617645139964,"price":"215.84","quantity":"1","side":"sell"},{"type":"trade","symbol":"LTCUSD","event_id":32076611539,"timestamp":1617645139964,"price":"215.84","quantity":"1.5","side":"sell"},{"type":"trade","symbol":"LTCUSD","event_id":32076611529,"timestamp":1617645139963,"price":"215.84","quantity":"0.5","side":"sell"},{"type":"trade","symbol":"LTCUSD","event_id":32076611523,"timestamp":1617645139963,"price":"215.84","quantity":"2.5","side":"sell"},{"type":"trade","symbol":"LTCUSD","event_id":32076515856,"timestamp":1617645090589,"price":"216.21","quantity":"0.21306","side":"buy"},{"type":"trade","symbol":"LTCUSD","event_id":32076442167,"timestamp":1617645047167,"price":"215.76","quantity":"9.6","side":"buy"},{"type":"trade","symbol":"LTCUSD","event_id":32076433281,"timestamp":1617645041943,"price":"215.75","quantity":"0.11125","side":"buy"},{"type":"trade","symbol":"LTCUSD","event_id":32076392024,"timestamp":1617645017835,"price":"215.70","quantity":"0.29122","side":"sell"},{"type":"trade","symbol":"LTCUSD","event_id":32075990930,"timestamp":1617644827864,"price":"215.47","quantity":"0.5","side":"sell"},{"type":"trade","symbol":"LTCUSD","event_id":32075990912,"timestamp":1617644827863,"price":"215.47","quantity":"0.5","side":"sell"},{"type":"trade","symbol":"LTCUSD","event_id":32075957153,"timestamp":1617644813558,"price":"215.47","quantity":"1.06229","side":"sell"},{"type":"trade","symbol":"LTCUSD","event_id":32075834380,"timestamp":1617644757839,"price":"215.68","quantity":"1.6322218","side":"buy"},{"type":"trade","symbol":"LTCUSD","event_id":32075834378,"timestamp":1617644757839,"price":"215.64","quantity":"0.68731","side":"buy"},{"type":"trade","symbol":"LTCUSD","event_id":32075732242,"timestamp":1617644716425,"price":"215.75","quantity":"1.24","side":"buy"},{"type":"trade","symbol":"LTCUSD","event_id":32075662519,"timestamp":1617644685744,"price":"216.20","quantity":"0.19846","side":"buy"},{"type":"trade","symbol":"LTCUSD","event_id":32075662517,"timestamp":1617644685744,"price":"216.15","quantity":"0.01899","side":"buy"},{"type":"trade","symbol":"LTCUSD","event_id":32075555141,"timestamp":1617644619463,"price":"216.18","quantity":"0.99104","side":"sell"},{"type":"trade","symbol":"LTCUSD","event_id":32075545400,"timestamp":1617644613613,"price":"216.41","quantity":"0.25146","side":"buy"},{"type":"trade","symbol":"LTCUSD","event_id":32075490945,"timestamp":1617644584268,"price":"216.51","quantity":"0.90579","side":"buy"},{"type":"trade","symbol":"LTCUSD","event_id":32075431443,"timestamp":1617644553826,"price":"216.17","quantity":"12.48956","side":"buy"},{"type":"trade","symbol":"LTCUSD","event_id":32075431441,"timestamp":1617644553826,"price":"216.16","quantity":"1.51044","side":"buy"},{"type":"trade","symbol":"LTCUSD","event_id":32075398364,"timestamp":1617644539585,"price":"216.23","quantity":"0.5760718","side":"buy"},{"type":"trade","symbol":"LTCUSD","event_id":32075380084,"timestamp":1617644532501,"price":"216.40","quantity":"1","side":"buy"},{"type":"trade","symbol":"LTCUSD","event_id":32075361960,"timestamp":1617644524222,"price":"216.36","quantity":"0.3","side":"buy"},{"type":"trade","symbol":"LTCUSD","event_id":32075136787,"timestamp":1617644409121,"price":"215.47","quantity":"0.10994","side":"sell"},{"type":"trade","symbol":"LTCUSD","event_id":32075011938,"timestamp":1617644336511,"price":"216.00","quantity":"30.54458","side":"buy"},{"type":"trade","symbol":"LTCUSD","event_id":32075011936,"timestamp":1617644336511,"price":"215.99","quantity":"1.88078","side":"buy"},{"type":"trade","symbol":"LTCUSD","event_id":32075011934,"timestamp":1617644336511,"price":"215.97","quantity":"34.7629","side":"buy"},{"type":"trade","symbol":"LTCUSD","event_id":32075011932,"timestamp":1617644336511,"price":"215.96","quantity":"18.5392","side":"buy"},{"type":"trade","symbol":"LTCUSD","event_id":32075011930,"timestamp":1617644336511,"price":"215.95","quantity":"1.24","side":"buy"},{"type":"trade","symbol":"LTCUSD","event_id":32075011928,"timestamp":1617644336511,"price":"215.94","quantity":"7.67","side":"buy"},{"type":"trade","symbol":"LTCUSD","event_id":32075011926,"timestamp":1617644336511,"price":"215.94","quantity":"11.587","side":"buy"},{"type":"trade","symbol":"LTCUSD","event_id":32075011924,"timestamp":1617644336511,"price":"215.91","quantity":"17.86554","side":"buy"},{"type":"trade","symbol":"LTCUSD","event_id":32075011922,"timestamp":1617644336511,"price":"215.90","quantity":"4.91","side":"buy"},{"type":"trade","symbol":"LTCUSD","event_id":32075011920,"timestamp":1617644336511,"price":"215.89","quantity":"19","side":"buy"},{"type":"trade","symbol":"LTCUSD","event_id":32075005175,"timestamp":1617644333546,"price":"215.91","quantity":"1.13446","side":"buy"},{"type":"trade","symbol":"LTCUSD","event_id":32074965927,"timestamp":1617644314669,"price":"216.02","quantity":"5.7774","side":"buy"},{"type":"trade","symbol":"LTCUSD","event_id":32074959419,"timestamp":1617644313085,"price":"215.84","quantity":"0.73389","side":"sell"},{"type":"trade","symbol":"LTCUSD","event_id":32074959417,"timestamp":1617644313085,"price":"215.85","quantity":"1.44777","side":"sell"},{"type":"trade","symbol":"LTCUSD","event_id":32074949775,"timestamp":1617644308863,"price":"215.84","quantity":"9.6992","side":"sell"},{"type":"trade","symbol":"LTCUSD","event_id":32074881550,"timestamp":1617644273567,"price":"216.36","quantity":"0.30324","side":"buy"},{"type":"trade","symbol":"LTCUSD","event_id":32074792335,"timestamp":1617644234724,"price":"215.96","quantity":"1.24","side":"sell"}],"auction_events":[{"type":"auction_result","symbol":"LTCUSD","time_ms":1617566400000,"result":"failure","highest_bid_price":"201.74","lowest_ask_price":"201.86","collar_price":"201.80","auction_price":"201.74"},{"type":"auction_indicative","symbol":"LTCUSD","time_ms":1617566385000,"result":"failure","highest_bid_price":"201.78","lowest_ask_price":"201.89","collar_price":"201.835"},{"type":"auction_indicative","symbol":"LTCUSD","time_ms":1617566370000,"result":"failure","highest_bid_price":"201.81","lowest_ask_price":"201.91","collar_price":"201.86"},{"type":"auction_indicative","symbol":"LTCUSD","time_ms":1617566355000,"result":"failure","highest_bid_price":"201.73","lowest_ask_price":"201.85","collar_price":"201.79"},{"type":"auction_indicative","symbol":"LTCUSD","time_ms":1617566340000,"result":"failure","highest_bid_price":"201.78","lowest_ask_price":"201.87","collar_price":"201.825"},{"type":"auction_indicative","symbol":"LTCUSD","time_ms":1617566280000,"result":"failure","highest_bid_price":"201.71","lowest_ask_price":"201.77","collar_price":"201.74"},{"type":"auction_indicative","symbol":"LTCUSD","time_ms":1617566220000,"result":"failure","highest_bid_price":"201.81","lowest_ask_price":"201.93","collar_price":"201.87"},{"type":"auction_indicative","symbol":"LTCUSD","time_ms":1617566160000,"result":"failure","highest_bid_price":"201.79","lowest_ask_price":"201.90","collar_price":"201.845"},{"type":"auction_indicative","symbol":"LTCUSD","time_ms":1617566100000,"result":"failure","highest_bid_price":"201.96","lowest_ask_price":"202.04","collar_price":"202.00"},{"type":"auction_indicative","symbol":"LTCUSD","time_ms":1617566040000,"result":"failure","highest_bid_price":"201.83","lowest_ask_price":"201.96","collar_price":"201.895"},{"type":"auction_indicative","symbol":"LTCUSD","time_ms":1617565980000,"result":"failure","highest_bid_price":"201.83","lowest_ask_price":"201.96","collar_price":"201.895"},{"type":"auction_indicative","symbol":"LTCUSD","time_ms":1617565920000,"result":"failure","highest_bid_price":"201.75","lowest_ask_price":"201.87","collar_price":"201.81"},{"type":"auction_indicative","symbol":"LTCUSD","time_ms":1617565860000,"result":"failure","highest_bid_price":"201.72","lowest_ask_price":"201.84","collar_price":"201.78"},{"type":"auction_indicative","symbol":"LTCUSD","time_ms":1617565800000,"result":"failure","highest_bid_price":"201.67","lowest_ask_price":"201.82","collar_price":"201.745"}]}
1617645248.0924978: {"type":"l2_updates","symbol":"LINKUSD","changes":[["buy","31.72757","91"],["buy","31.72599","31.512574"],["buy","31.7218","63.026821"],["buy","31.71864","110.296936"],["buy","31.71547","157.567051"],["buy","31.70235","91"],["buy","31.62115","589"],["buy","31.60947","176.4"],["buy","31.60946","2737.393959"],["buy","31.59063","590.7"],["buy","31.56329","297.066298"],["buy","31.55904","1859"],["buy","31.53132","219.777562"],["buy","31.48244","5813.8"],["buy","31.4691","1550.250966"],["buy","31.30","159.169329"],["buy","31.29483","2885.7"],["buy","31.24628","0.695032"],["buy","31.24627","2.665085"],["buy","31.2101","2.489949"],["buy","31.20222","1147.055255"],["buy","31.14455","1162.3"],["buy","31.13","1.6062"],["buy","31.0993","572.9"],["buy","31.00","66.666666"],["buy","30.89289","2.69557"],["buy","30.83977","0.714309"],["buy","30.81958","581.3"],["buy","30.64216","13.05391"],["buy","30.58334","2.540977"],["buy","30.55887","0.000005"],["buy","30.54351","2.726404"],["buy","30.50","16.360655"],["buy","30.48494","200"],["buy","30.40","0.164473"],["buy","30.37831","300"],["buy","30.31","3.266248"],["buy","30.29116","0.658262"],["buy","30.24","13.5666"],["buy","30.19808","2.757591"],["buy","30.15","0.497512"],["buy","30.12841","593.8"],["buy","30.12342","0.217662"],["buy","30.00","8.333333"],["buy","29.99","1.033677"],["buy","29.97356","0.33874"],["buy","29.96917","2.59305"],["buy","29.858","140"],["buy","29.85656","2.789134"],["buy","29.83","0.938652"],["buy","29.82444","0.357512"],["buy","29.82282","590.9"],["buy","29.80","16"],["buy","29.69","2.020882"],["buy","29.67606","0.357516"],["buy","29.655","0.000005"],["buy","29.60","250"],["buy","29.52842","0.362489"],["buy","29.5189","0.803609"],["buy","29.51889","2.821039"],["buy","29.50","516.949152"],["buy","29.47","1"],["buy","29.4329","4"],["buy","29.38152","0.36286"],["buy","29.38","1"],["buy","29.36733","2.646191"],["buy","29.33","69.189566"],["buy","29.30","1"],["buy","29.25","359.232478"],["buy","29.24","2"],["buy","29.23535","0.362863"],["buy","29.20859","0.1"],["buy","29.19","1"],["buy","29.18505","2.853309"],["buy","29.17","1"],["buy","29.16","1"],["buy","29.11","1"],["buy","29.10","25"],["buy","29.08991","0.353625"],["buy","29.07","0.171998"],["buy","29.06","1"],["buy","29.00","224.275862"],["buy","28.98","200"],["buy","28.95","6.908462"],["buy","28.94519","0.363882"],["buy","28.85498","2.885947"],["buy","28.85","3"],["buy","28.84","1"],["buy","28.81","1"],["buy","28.80119","0.363888"],["buy","28.80","41.328965"],["buy","28.77757","2.700421"],["buy","28.76989","0.1"],["buy","28.73","1"],["buy","28.70","1"],["buy","28.65791","0.353991"],["buy","28.65","1"],["buy","28.64","1.9553"],["buy","28.60","2"],["buy","28.52865","2.918959"],["buy","28.5186","3"],["buy","28.51534","0.349411"],["buy","28.50001","0.927083"],["buy","28.50","162.809339"],["buy","28.44","1.7579"],["buy","28.41","1"],["buy","28.40","1"],["buy","28.37348","0.34942"],["buy","28.35","1"],["buy","28.25","3.893805"],["buy","28.24","1"],["buy","28.23232","0.344779"],["buy","28.206","2.952349"],["buy","28.19966","2.755762"],["buy","28.14","1"],["buy","28.12","1"],["buy","28.11","1"],["buy","28.10","1.773153"],["buy","28.09187","0.344781"],["buy","28.07","1"],["buy","28.02","0.115259"],["buy","28.00","493.428567"],["buy","27.95211","0.344789"],["buy","27.88701","2.98612"],["buy","27.873","0.179385"],["buy","27.81305","0.34944"],["buy","27.77","1"],["buy","27.76","4.034582"],["buy","27.67468","0.354204"],["buy","27.66","4"],["buy","27.65","5.737793"],["buy","27.63336","2.812237"],["buy","27.63","1"],["buy","27.57162","3.020278"],["buy","27.537","0.35421"],["buy","27.50","58.949736"],["buy","27.49","7.202619"],["buy","27.44615","0.980339"],["buy","27.44","30.47704"],["buy","27.4278","18.229679"],["buy","27.40","0.171719"],["buy","27.30","0.172712"],["buy","27.2598","3.054826"],["buy","27.2395","0.104627"],["buy","27.20","0.182144"],["buy","27.15","1.031307"],["buy","27.13","1"],["buy","27.10","370.187196"],["buy","27.09","0.184569"],["buy","27.07843","2.869869"],["buy","27.00","756.183536"],["buy","26.98","1"],["buy","26.96674","0.368971"],["buy","26.95151","3.08977"],["buy","26.92","10"],["buy","26.907","0.185825"],["buy","26.84","1"],["buy","26.78","7.468259"],["buy","26.766","0.375151"],["buy","26.75","50"],["buy","26.709","0.187202"],["buy","26.69097","0.000005"],["buy","26.6467","3.125113"],["buy","26.60","112.781954"],["buy","26.56675","0.357771"],["buy","26.53464","2.928683"],["buy","26.52","40"],["buy","26.50","29.81132"],["buy","26.47935","0.377652"],["buy","26.4187","49.4"],["buy","26.407","10"],["buy","26.36899","0.346377"],["buy","26.34534","3.160861"],["buy","26.30","1"],["buy","26.29747","0.104627"],["buy","26.27662","22.833987"],["buy","26.257","2.285104"],["buy","26.20","10"],["buy","26.1727","0.34639"],["buy","26.148","300"],["buy","26.12","1"],["buy","26.10","3.260536"],["buy","26.04739","3.197017"],["buy","26.01","4"],["buy","26.00177","2.988703"],["buy","26.00","70.692307"],["buy","25.97787","0.335465"],["buy","25.90","1"],["buy","25.80","1"],["buy","25.78449","0.335471"],["buy","25.75281","3.233587"],["buy","25.72","100"],["buy","25.71","3.419681"],["buy","25.70","1"],["buy","25.60","1"],["buy","25.59255","0.346357"],["buy","25.50","269.712155"],["buy","25.4796","3.049952"],["buy","25.46155","3.270577"],["buy","25.40204","0.340864"],["buy","25.40","7.937007"],["buy","25.39","393.855848"],["buy","25.25","25.80198"],["buy","25.22","200"],["buy","25.21295","0.340875"],["buy","25.2011","50"],["buy","25.1766","33"],["buy","25.1736","3.307988"],["buy","25.10","4"],["buy","25.05","100"],["buy","25.04015","6"],["buy","25.02527","0.335508"],["buy","25.01","11.995201"],["buy","25.00","912.18"],["buy","24.99","22.04"],["buy","24.98","1"],["buy","24.96792","3.112456"],["buy","24.8889","3.345827"],["buy","24.86","50"],["buy","24.84","0.401172"],["buy","24.83898","0.330272"],["buy","24.82","4.029008"],["buy","24.80","24.193548"],["buy","24.75","1.535353"],["buy","24.65408","0.335527"],["buy","24.60742","3.384099"],["buy","24.60","105.42504"],["buy","24.50","97.755101"],["buy","24.47056","0.340942"],["buy","24.46652","3.176241"],["buy","24.32912","3.42281"],["buy","24.30018","0.469955"],["buy","24.2884","0.335544"],["buy","24.23","288"],["buy","24.20","0.495867"],["buy","24.1076","0.335557"],["buy","24.10","14.298755"],["buy","24.05397","3.461963"],["buy","24.05","145"],["buy","24.01","20"],["buy","24.00","69.424999"],["buy","23.97518","3.241334"],["buy","23.92814","0.337564"],["buy","23.81","2.939941"],["buy","23.80","500"],["buy","23.78193","3.501564"],["buy","23.75002","0.33843"],["buy","23.75","3"],["buy","23.735","6.31978"],["buy","23.60168","22"],["buy","23.60","1"],["buy","23.57323","0.320179"],["buy","23.55","1.5"],["buy","23.51297","3.541618"],["buy","23.50725","85.080134"],["buy","23.501","34.041104"],["buy","23.50","88.191488"],["buy","23.49372","3.307759"],["buy","23.39775","0.320184"],["buy","23.25","50"],["buy","23.24705","3.58213"],["buy","23.23","215.238915"],["buy","23.22358","0.320196"],["buy","23.10","30"],["buy","23.09009","4.49492"],["buy","23.0507","0.310539"],["buy","23.05","5"],["buy","23.02192","3.375546"],["buy","23.01","25"],["buy","23.00","143.239129"],["buy","22.99","8.699434"],["buy","22.98414","3.623105"],["buy","22.87911","0.00016"],["buy","22.80","17.105263"],["buy","22.7242","3.66455"],["buy","22.7088","0.3059"],["buy","22.70","30"],["buy","22.55959","3.444724"],["buy","22.53976","0.310569"],["buy","22.53","8.846426"],["buy","22.51","22.140826"],["buy","22.50","134.444444"],["buy","22.49","1091.818586"],["buy","22.4672","3.706468"],["buy","22.37198","0.310581"],["buy","22.32423","0.511551"],["buy","22.27","4.490345"],["buy","22.22","1000"],["buy","22.21311","3.748865"],["buy","22.20544","0.30593"],["buy","22.10655","3.515318"],["buy","22.10","116"],["buy","22.07992","300"],["buy","22.04014","0.305935"],["buy","22.01","90.87"],["buy","22.00","970.468177"],["buy","21.99","0.5"],["buy","21.96189","3.791748"],["buy","21.87992","50"],["buy","21.87607","0.305948"],["buy","21.85","9.153318"],["buy","21.71351","3.835122"],["buy","21.71323","0.30596"],["buy","21.69","15"],["buy","21.66261","3.587359"],["buy","21.63","25"],["buy","21.57","0.3"],["buy","21.5516","0.305972"],["buy","21.51","4.649"],["buy","21.50","780.139534"],["buy","21.49","0.5"],["buy","21.46795","3.87899"],["buy","21.39117","0.305978"],["buy","21.30217","1.643025"],["buy","21.30","1"],["buy","21.23194","0.30599"],["buy","21.22758","3.660877"],["buy","21.22515","3.923363"],["buy","21.15","38"],["buy","21.11","4.737091"],["buy","21.10","25"],["buy","21.07389","0.306002"],["buy","21.02","9.514747"],["buy","21.00","971.809522"],["buy","20.99","101"],["buy","20.98511","3.96824"],["buy","20.98","0.475471"],["buy","20.92","250"],["buy","20.91702","0.30122"],["buy","20.88","4"],["buy","20.80129","3.735901"],["buy","20.80","8200"],["buy","20.76132","0.301465"],["buy","20.74778","4.013632"],["buy","20.68708","100"],["buy","20.60677","0.301477"],["buy","20.57","8.882229"],["buy","20.55781","140"],["buy","20.51313","4.059544"],["buy","20.48","0.5"],["buy","20.45337","0.301489"],["buy","20.40","24.509803"],["buy","20.38356","3.812462"],["buy","20.30112","0.301501"],["buy","20.28114","4.10598"],["buy","20.27","2"],["buy","20.24","24.703557"],["buy","20.22","3"],["buy","20.15","0.301513"],["buy","20.10","34.079601"],["buy","20.05177","4.152948"],["buy","20.05","149"],["buy","20.02","24.975024"],["buy","20.00","929.951525"],["buy","19.97421","3.890595"],["buy","19.97","0.5"],["buy","19.95","100.250626"],["buy","19.93","100"],["buy","19.9125","376.647834"],["buy","19.825","4.200452"],["buy","19.80","1437.1"],["buy","19.70","10"],["buy","19.60079","4.2485"],["buy","19.40","1"],["buy","19.24","25.987525"],["buy","19.10","50"],["buy","19.02","200"],["buy","19.00","139.999997"],["buy","18.90","1.750778"],["buy","18.88","5"],["buy","18.77","5.32765"],["buy","18.69206","210"],["buy","18.65","10.72386"],["buy","18.254","1.94193"],["buy","18.24","27.41228"],["buy","18.01","300"],["buy","18.00","351"],["buy","17.90","49.106145"],["buy","17.70","20"],["buy","17.608","2.133082"],["buy","17.60","1500"],["buy","17.50","50"],["buy","17.37828","115.086188"],["buy","17.25","289"],["buy","17.24","29.00232"],["buy","17.17","11.648223"],["buy","17.15","85"],["buy","17.00","20"],["buy","16.962","2.324234"],["buy","16.902","97"],["buy","16.64","6"],["buy","16.594","136"],["buy","16.50","53.30303"],["buy","16.315","2.710883"],["buy","16.31","5"],["buy","16.287","175"],["buy","16.22","60"],["buy","16.21771","200"],["buy","16.00","844.5"],["buy","15.9902","300"],["buy","15.98","214"],["buy","15.78","1800"],["buy","15.70866","200"],["buy","15.70","10"],["buy","15.673","253"],["buy","15.669","3.162696"],["buy","15.52432","1"],["buy","15.48784","300"],["buy","15.365","292"],["buy","15.33031","45"],["buy","15.25","205"],["buy","15.2156","200"],["buy","15.05","19.933554"],["buy","15.023","3.61451"],["buy","15.01355","300"],["buy","15.00","104.133333"],["buy","14.95","33.444816"],["buy","14.93949","600"],["buy","14.82372","300"],["buy","14.67766","1"],["buy","14.58956","300"],["buy","14.53","60"],["buy","14.45","5"],["buy","14.377","4.131489"],["buy","14.24","35.112359"],["buy","14.00","20"],["buy","13.90856","3"],["buy","13.84","2"],["buy","13.82351","220"],["buy","13.80","7.246376"],["buy","13.731","4.713634"],["buy","13.70","10"],["buy","13.37","15"],["buy","13.27","90"],["buy","13.085","5.295779"],["buy","13.00","41.638461"],["buy","12.50","141"],["buy","12.438","5.921367"],["buy","12.24","40.849673"],["buy","12.18805","90"],["buy","12.00","4"],["buy","11.84325","506.617693"],["buy","11.80","5"],["buy","11.792","6.677286"],["buy","11.607","29"],["buy","11.50","10"],["buy","11.25","5"],["buy","11.24","44.483985"],["buy","11.146","7.433205"],["buy","11.00","500"],["buy","10.72","138.514925"],["buy","10.50","8.189125"],["buy","10.33529","20"],["buy","10.04382","30"],["buy","10.01","7"],["buy","10.00","105"],["buy","9.01","6.43696"],["buy","8.88","22.297297"],["buy","8.53","175.615474"],["buy","8.50","118.647058"],["buy","8.30","1"],["buy","8.10","1"],["buy","8.00","3226"],["buy","7.70","1.00909"],["buy","7.55193","1.9"],["buy","7.50","76"],["buy","7.30","1"],["buy","7.20","10"],["buy","7.10","1000"],["buy","7.00","1"],["buy","6.30","32"],["buy","6.12","10"],["buy","6.00","167.666666"],["buy","5.94","3.030303"],["buy","5.50","1"],["buy","5.00","1411"],["buy","4.98","300.803212"],["buy","4.59474","1.0882"],["buy","4.50","1"],["buy","4.00","1"],["buy","3.50","1"],["buy","3.40","1"],["buy","3.21","3000"],["buy","3.11","10"],["buy","3.00","4"],["buy","2.50","1"],["buy","2.00","1"],["buy","1.50","1"],["buy","1.073","2222"],["buy","1.00","5"],["buy","0.11","100"],["buy","0.10","10"],["buy","0.0312","10000"],["buy","0.0101","10000"],["buy","0.01","100"],["buy","0.00313","29899"],["buy","0.001","51000"],["buy","0.00031","138999"],["buy","0.00011","249000"],["buy","0.0001","10000"],["buy","0.00003","600000"],["buy","0.00001","1098900"],["sell","31.75302","91"],["sell","31.75715","31.512574"],["sell","31.75966","63.026821"],["sell","31.76282","110.296936"],["sell","31.7685","157.556697"],["sell","31.82961","216.033"],["sell","31.83436","722.215188"],["sell","31.83891","222.729"],["sell","31.91445","590.7"],["sell","31.93359","176.4"],["sell","31.9336","372"],["sell","31.96703","738.620114"],["sell","31.99571","1958"],["sell","32.02","30"],["sell","32.02903","2.634944"],["sell","32.0663","6045.7"],["sell","32.08282","1571.99577"],["sell","32.10","500"],["sell","32.13972","2925.8"],["sell","32.16795","2133"],["sell","32.20899","1"],["sell","32.25352","1173.8"],["sell","32.26534","0.20504"],["sell","32.30","3.22299"],["sell","32.3954","2.605144"],["sell","32.44464","4083"],["sell","32.50","557.122525"],["sell","32.56719","2.439946"],["sell","32.58798","0.20504"],["sell","32.70","10.045392"],["sell","32.76597","2.575681"],["sell","32.78","0.13"],["sell","32.89","62.019554"],["sell","32.90","371"],["sell","32.91386","0.207659"],["sell","32.99803","489"],["sell","33.00","209.64102"],["sell","33.00941","20"],["sell","33.14078","2.790907"],["sell","33.19","0.103684"],["sell","33.23461","2.708169"],["sell","33.24299","0.207643"],["sell","33.243","1.293506"],["sell","33.29","10"],["sell","33.299","0.643676"],["sell","33.33","4"],["sell","33.35","0.8"],["sell","33.36","1.288969"],["sell","33.40","33"],["sell","33.42","1.286655"],["sell","33.45","3"],["sell","33.50","89.552238"],["sell","33.51987","2.790907"],["sell","33.55","1.28167"],["sell","33.57541","0.205025"],["sell","33.60","26.279762"],["sell","33.61","2.290985"],["sell","33.633","100"],["sell","33.66","1.544861"],["sell","33.77","62"],["sell","33.78","0.21366"],["sell","33.9033","2.790907"],["sell","33.91116","0.202467"],["sell","33.9157","2.708169"],["sell","33.92","1.267689"],["sell","33.94","4"],["sell","33.97","0.26"],["sell","34.00","1203.187857"],["sell","34.0469","10"],["sell","34.1731","10"],["sell","34.22","945.101495"],["sell","34.24","0.5"],["sell","34.25027","0.209999"],["sell","34.29111","2.790907"],["sell","34.30","438.862974"],["sell","34.343","0.5"],["sell","34.389","0.598619"],["sell","34.49","30.509645"],["sell","34.50","440.741523"],["sell","34.56","100"],["sell","34.59","15.254934"],["sell","34.59277","0.205025"],["sell","34.60","2"],["sell","34.61075","2.708169"],["sell","34.68337","2.790907"],["sell","34.70","14.468659"],["sell","34.75858","85"],["sell","34.77","100"],["sell","34.85","41.325791"],["sell","34.88","250"],["sell","34.90","93.769968"],["sell","34.93869","0.200264"],["sell","34.95","35"],["sell","34.99","14.283665"],["sell","35.00","8197.224058"],["sell","35.06","0.210108"],["sell","35.08011","2.790907"],["sell","35.10888","246.65"],["sell","35.134","0.5"],["sell","35.28807","0.197818"],["sell","35.32005","2.708169"],["sell","35.33","173.99331"],["sell","35.345","0.5"],["sell","35.43","3"],["sell","35.45","28.361823"],["sell","35.48138","2.790907"],["sell","35.50","1177.663646"],["sell","35.53","15.236435"],["sell","35.595","43"],["sell","35.64094","0.197818"],["sell","35.67","218.424083"],["sell","35.73867","30"],["sell","35.77","8"],["sell","35.845","0.5"],["sell","35.88","535.47046"],["sell","35.88725","2.790907"],["sell","35.99734","0.200264"],["sell","36.00","336.946772"],["sell","36.04388","2.708169"],["sell","36.0458","514.789082"],["sell","36.12","5"],["sell","36.134","0.5"],["sell","36.29776","2.790907"],["sell","36.35732","0.200264"],["sell","36.48942","33.927642"],["sell","36.50","240.0635"],["sell","36.54","35"],["sell","36.71296","2.790907"],["sell","36.72089","0.197818"],["sell","36.78255","2.708169"],["sell","36.80254","96.333856"],["sell","36.895","30"],["sell","36.90","4.620179"],["sell","36.918","880"],["sell","36.94","0.104716"],["sell","36.97029","1.192788"],["sell","36.999","29.801373"],["sell","37.00","372.985625"],["sell","37.02","0.108797"],["sell","37.06","0.310696"],["sell","37.08809","0.195429"],["sell","37.10","0.288184"],["sell","37.12","0.109335"],["sell","37.13291","2.790907"],["sell","37.22","0.100444"],["sell","37.37","0.653597"],["sell","37.39","0.109901"],["sell","37.40","75"],["sell","37.41","0.405415"],["sell","37.45896","0.195429"],["sell","37.50","42"],["sell","37.53636","2.708169"],["sell","37.55767","2.790907"],["sell","37.71","0.114709"],["sell","37.83355","0.195429"],["sell","37.87168","10"],["sell","37.97","125"],["sell","37.98728","2.790907"],["sell","38.00","41.68577"],["sell","38.08","11"],["sell","38.10","67.632"],["sell","38.20","5"],["sell","38.21188","0.195429"],["sell","38.3056","2.708169"],["sell","38.35747","10"],["sell","38.42","0.4"],["sell","38.42181","2.790907"],["sell","38.44","30"],["sell","38.52","0.105965"],["sell","38.59399","0.195429"],["sell","38.64","0.313992"],["sell","38.80","917.036134"],["sell","38.83637","14.660617"],["sell","38.86131","2.790907"],["sell","38.88","250"],["sell","38.888","160"],["sell","38.95","15"],["sell","38.97993","0.195429"],["sell","39.00","230.434782"],["sell","39.09062","2.708169"],["sell","39.10","0.393809"],["sell","39.12","0.126003"],["sell","39.35","198.792399"],["sell","39.35747","15"],["sell","39.36","124.5"],["sell","39.36972","0.195429"],["sell","39.4891","10"],["sell","39.50","5.3"],["sell","39.61","29.7167"],["sell","39.76341","0.195429"],["sell","39.85","0.100369"],["sell","39.89","74.831265"],["sell","39.89173","2.708169"],["sell","39.90","12"],["sell","39.93499","1949.683266"],["sell","39.95","449.875466"],["sell","39.97","0.250188"],["sell","39.974","1"],["sell","39.999","100"],["sell","40.00","3074.070978"],["sell","40.02","4.43"],["sell","40.10","5"],["sell","40.16103","0.195429"],["sell","40.21","0.11139"],["sell","40.45719","10"],["sell","40.56264","0.195429"],["sell","40.64","0.12936"],["sell","40.70925","2.708169"],["sell","40.80","3"],["sell","40.81","0.201397"],["sell","40.96826","0.195429"],["sell","41.00","120"],["sell","41.07","0.11327"],["sell","41.37794","0.195429"],["sell","41.52","35"],["sell","41.54352","2.708169"],["sell","41.79172","0.195429"],["sell","41.80","0.29613"],["sell","42.00","472"],["sell","42.12","62"],["sell","42.28","7.969913"],["sell","42.34","0.179334"],["sell","42.39489","2.708169"],["sell","42.44","30"],["sell","42.46756","10"],["sell","42.75719","6"],["sell","42.888","160"],["sell","43.00","134"],["sell","43.26372","2.708169"],["sell","43.54","25"],["sell","43.66","125"],["sell","43.90","2.63"],["sell","44.00","569.454546"],["sell","44.1398","60"],["sell","44.15034","2.708169"],["sell","44.34","40"],["sell","44.48","500"],["sell","44.77","100"],["sell","45.00","1100.52599"],["sell","45.05513","2.708169"],["sell","45.10","10"],["sell","45.18725","25"],["sell","45.97847","2.708169"],["sell","46.00","108.825"],["sell","46.58","50"],["sell","46.92073","2.708169"],["sell","47.00","25"],["sell","47.42","70"],["sell","47.8823","2.708169"],["sell","48.00","98.566979"],["sell","48.34","40"],["sell","48.40","494.325"],["sell","48.86358","2.708169"],["sell","49.00","49.854625"],["sell","49.86497","2.708169"],["sell","50.00","1538"],["sell","51.00","49.019608"],["sell","52.00","191.3988"],["sell","52.44","40"],["sell","53.24","481.967"],["sell","55.00","227"],["sell","56.00","100"],["sell","56.44","40"],["sell","57.00","103"],["sell","57.31","21.02465"],["sell","57.88","9.08"],["sell","58.00","101"],["sell","58.44","40"],["sell","59.00","100"],["sell","59.95","150"],["sell","60.00","286.750614"],["sell","61.00","100"],["sell","62.00","88"],["sell","62.44","40"],["sell","63.00","1.955438"],["sell","63.17086","1"],["sell","64.00","20"],["sell","65.00","100.000005"],["sell","66.41","3.7646"],["sell","66.66","2"],["sell","68.00","3"],["sell","68.22","10"],["sell","68.34","40"],["sell","68.88","5"],["sell","70.00","91.486761"],["sell","70.90","0.107413"],["sell","71.00","100"],["sell","72.00","500"],["sell","72.34","40"],["sell","73.10","10"],["sell","73.31754","6.843604"],["sell","74.50","4.9"],["sell","75.00","152"],["sell","75.89114","5"],["sell","76.34","40"],["sell","80.00","125.770416"],["sell","80.34","40"],["sell","82.00","809"],["sell","84.00","20"],["sell","84.34","40"],["sell","84.88","5"],["sell","85.00","200"],["sell","88.34","40"],["sell","88.90","5"],["sell","89.99","1"],["sell","90.00","1"],["sell","90.70","0.1"],["sell","91.00","290.939574"],["sell","92.34","40"],["sell","94.88","5"],["sell","95.00","250"],["sell","96.34","40"],["sell","98.00","18.727657"],["sell","100.00","182.885761"],["sell","104.34","40"],["sell","108.34","40"],["sell","111.11","1"],["sell","112.34","40"],["sell","116.34","40"],["sell","118.00","5"],["sell","120.00","45.4"],["sell","124.00","5"],["sell","124.34","40"],["sell","128.34","40"],["sell","130.92224","5"],["sell","132.34","50"],["sell","135.00","500"],["sell","140.00","100"],["sell","144.34","50"],["sell","145.00","750"],["sell","148.00","5"],["sell","150.00","49.626865"],["sell","152.34","50"],["sell","156.34","50"],["sell","158.30","1"],["sell","164.34","50"],["sell","168.34","50"],["sell","172.34","50"],["sell","176.34","50"],["sell","184.34","50"],["sell","188.34","50"],["sell","189.49","51.279607"],["sell","190.95625","5"],["sell","192.34","50"],["sell","196.34","50"],["sell","200.00","166"],["sell","204.34","50"],["sell","208.34","50"],["sell","210.00","27.638"],["sell","216.34","60"],["sell","222.22","2500.001954"],["sell","224.34","60"],["sell","235.58042","6"],["sell","236.34","60"],["sell","248.34","60"],["sell","256.34","60"],["sell","268.34","60"],["sell","270.97987","5"],["sell","276.34","60"],["sell","288.34","60"],["sell","296.34","60"],["sell","308.34","70"],["sell","316.34","70"],["sell","328.34","70"],["sell","336.34","70"],["sell","346.88","13980"],["sell","348.34","70"],["sell","350.97987","5"],["sell","356.34","70"],["sell","368.34","70"],["sell","376.34","70"],["sell","380.18273","20"],["sell","388.34","80"],["sell","396.34","80"],["sell","500.00","261.280398"],["sell","500.71211","100"],["sell","600.00","25"],["sell","650.00","201"],["sell","677.9018","21.133398"],["sell","700.00","50"],["sell","884.16835","2"],["sell","998.00","143.75"],["sell","1000.00","3018.093954"],["sell","1140.49999","11"],["sell","1400.00","110.469595"],["sell","4080.00","250"],["sell","10000.00","4.730755"],["sell","10004.17505","1"],["sell","88134.16738","1"],["sell","165811.13928","1"],["sell","499999.00","1"],["sell","989999.00","1"]],"trades":[{"type":"trade","symbol":"LINKUSD","event_id":32076425713,"timestamp":1617645038843,"price":"31.73615","quantity":"91","side":"sell"},{"type":"trade","symbol":"LINKUSD","event_id":32076424007,"timestamp":1617645037596,"price":"31.74518","quantity":"91","side":"sell"},{"type":"trade","symbol":"LINKUSD","event_id":32076410044,"timestamp":1617645028686,"price":"31.78375","quantity":"0.648898","side":"buy"},{"type":"trade","symbol":"LINKUSD","event_id":32076384186,"timestamp":1617645013696,"price":"31.73279","quantity":"31.730345","side":"sell"},{"type":"trade","symbol":"LINKUSD","event_id":32076380609,"timestamp":1617645012351,"price":"31.72539","quantity":"33.512152","side":"sell"},{"type":"trade","symbol":"LINKUSD","event_id":32076376979,"timestamp":1617645010945,"price":"31.71712","quantity":"33.790851","side":"sell"},{"type":"trade","symbol":"LINKUSD","event_id":32076373928,"timestamp":1617645009382,"price":"31.74189","quantity":"6.175745","side":"buy"},{"type":"trade","symbol":"LINKUSD","event_id":32076021404,"timestamp":1617644842134,"price":"31.73889","quantity":"6.50059","side":"sell"},{"type":"trade","symbol":"LINKUSD","event_id":32076021398,"timestamp":1617644842134,"price":"31.73889","quantity":"25","side":"sell"},{"type":"trade","symbol":"LINKUSD","event_id":32075874053,"timestamp":1617644776646,"price":"31.78411","quantity":"5","side":"sell"},{"type":"trade","symbol":"LINKUSD","event_id":32075874045,"timestamp":1617644776645,"price":"31.78411","quantity":"21.45725","side":"sell"},{"type":"trade","symbol":"LINKUSD","event_id":32075874032,"timestamp":1617644776644,"price":"31.78411","quantity":"5","side":"sell"},{"type":"trade","symbol":"LINKUSD","event_id":32075688090,"timestamp":1617644697809,"price":"31.7912","quantity":"40.52547","side":"sell"},{"type":"trade","symbol":"LINKUSD","event_id":32075688084,"timestamp":1617644697809,"price":"31.7912","quantity":"5","side":"sell"},{"type":"trade","symbol":"LINKUSD","event_id":32075688078,"timestamp":1617644697809,"price":"31.7912","quantity":"5","side":"sell"},{"type":"trade","symbol":"LINKUSD","event_id":32075688072,"timestamp":1617644697808,"price":"31.7912","quantity":"10","side":"sell"},{"type":"trade","symbol":"LINKUSD","event_id":32075688066,"timestamp":1617644697808,"price":"31.7912","quantity":"39.53019","side":"sell"},{"type":"trade","symbol":"LINKUSD","event_id":32075688060,"timestamp":1617644697807,"price":"31.7912","quantity":"9.999991","side":"sell"},{"type":"trade","symbol":"LINKUSD","event_id":32075688058,"timestamp":1617644697807,"price":"31.79438","quantity":"0.000009","side":"sell"},{"type":"trade","symbol":"LINKUSD","event_id":32075687819,"timestamp":1617644697762,"price":"31.79438","quantity":"17.88894","side":"sell"},{"type":"trade","symbol":"LINKUSD","event_id":32075687802,"timestamp":1617644697761,"price":"31.79438","quantity":"45","side":"sell"},{"type":"trade","symbol":"LINKUSD","event_id":32075445754,"timestamp":1617644560896,"price":"31.82592","quantity":"6.167968","side":"buy"},{"type":"trade","symbol":"LINKUSD","event_id":32075445752,"timestamp":1617644560896,"price":"31.81595","quantity":"0.000002","side":"buy"},{"type":"trade","symbol":"LINKUSD","event_id":32075445750,"timestamp":1617644560896,"price":"31.77036","quantity":"0.000007","side":"buy"},{"type":"trade","symbol":"LINKUSD","event_id":32075445178,"timestamp":1617644560697,"price":"31.77036","quantity":"0.70653","side":"buy"},{"type":"trade","symbol":"LINKUSD","event_id":32075356241,"timestamp":1617644522298,"price":"31.74218","quantity":"31.4974","side":"sell"},{"type":"trade","symbol":"LINKUSD","event_id":32075266494,"timestamp":1617644481628,"price":"31.70876","quantity":"30.6507","side":"buy"},{"type":"trade","symbol":"LINKUSD","event_id":32074888354,"timestamp":1617644278515,"price":"31.73845","quantity":"30.883632","side":"buy"},{"type":"trade","symbol":"LINKUSD","event_id":32074888352,"timestamp":1617644278515,"price":"31.70","quantity":"0.000004","side":"buy"},{"type":"trade","symbol":"LINKUSD","event_id":32074788496,"timestamp":1617644231121,"price":"31.69839","quantity":"9.647872","side":"buy"},{"type":"trade","symbol":"LINKUSD","event_id":32074759004,"timestamp":1617644216658,"price":"31.6984","quantity":"23.874757","side":"buy"},{"type":"trade","symbol":"LINKUSD","event_id":32074699218,"timestamp":1617644191129,"price":"31.70","quantity":"7.06548","side":"buy"},{"type":"trade","symbol":"LINKUSD","event_id":32074414772,"timestamp":1617644084725,"price":"31.68579","quantity":"15.466008","side":"buy"},{"type":"trade","symbol":"LINKUSD","event_id":32073655221,"timestamp":1617643826431,"price":"31.57783","quantity":"3.053314","side":"buy"},{"type":"trade","symbol":"LINKUSD","event_id":32073566629,"timestamp":1617643798931,"price":"31.55092","quantity":"55.6","side":"sell"},{"type":"trade","symbol":"LINKUSD","event_id":32073489807,"timestamp":1617643774716,"price":"31.57185","quantity":"2.713515","side":"sell"},{"type":"trade","symbol":"LINKUSD","event_id":32073180222,"timestamp":1617643672312,"price":"31.64706","quantity":"10.840488","side":"buy"},{"type":"trade","symbol":"LINKUSD","event_id":32073173428,"timestamp":1617643669276,"price":"31.64706","quantity":"3.05012","side":"buy"},{"type":"trade","symbol":"LINKUSD","event_id":32073169502,"timestamp":1617643667172,"price":"31.60545","quantity":"15.513219","side":"sell"},{"type":"trade","symbol":"LINKUSD","event_id":32072996298,"timestamp":1617643612846,"price":"31.6715","quantity":"4.618619","side":"buy"},{"type":"trade","symbol":"LINKUSD","event_id":32072901508,"timestamp":1617643574410,"price":"31.64943","quantity":"2.486913","side":"sell"},{"type":"trade","symbol":"LINKUSD","event_id":32072897674,"timestamp":1617643572862,"price":"31.67723","quantity":"0.581424","side":"buy"},{"type":"trade","symbol":"LINKUSD","event_id":32072877077,"timestamp":1617643566148,"price":"31.6871","quantity":"0.941908","side":"buy"},{"type":"trade","symbol":"LINKUSD","event_id":32072875905,"timestamp":1617643565717,"price":"31.67765","quantity":"10","side":"sell"},{"type":"trade","symbol":"LINKUSD","event_id":32072747298,"timestamp":1617643507805,"price":"31.70701","quantity":"0.423968","side":"buy"},{"type":"trade","symbol":"LINKUSD","event_id":32072722472,"timestamp":1617643497401,"price":"31.68641","quantity":"10.822991","side":"buy"},{"type":"trade","symbol":"LINKUSD","event_id":32072677538,"timestamp":1617643478219,"price":"31.73845","quantity":"12.549785","side":"buy"},{"type":"trade","symbol":"LINKUSD","event_id":32072677536,"timestamp":1617643478218,"price":"31.6913","quantity":"20.91","side":"buy"},{"type":"trade","symbol":"LINKUSD","event_id":32072447129,"timestamp":1617643386610,"price":"31.67765","quantity":"30.926064","side":"buy"},{"type":"trade","symbol":"LINKUSD","event_id":32072418763,"timestamp":1617643372512,"price":"31.67905","quantity":"0.879781","side":"buy"}],"auction_events":[]}
1617645248.0964181: {"type":"l2_updates","symbol":"UMAUSD","changes":[["buy","25.7828","12"],["buy","25.7764","38.727156"],["buy","25.7749","21.1"],["buy","25.7622","77.454311"],["buy","25.7533","35.9"],["buy","25.7532","135.545043"],["buy","25.6997","94.95"],["buy","25.6872","124.8"],["buy","25.6767","0.000017"],["buy","25.6491","37.564612"],["buy","25.6435","1202.7"],["buy","25.6389","50"],["buy","25.6361","2.593112"],["buy","25.6173","847"],["buy","25.5873","100"],["buy","25.5851","0.816194"],["buy","25.5841","1.302891"],["buy","25.5815","0.247138"],["buy","25.5615","150"],["buy","25.5521","617.3"],["buy","25.5425","0.060278"],["buy","25.4935","1.336847"],["buy","25.4336","0.248575"],["buy","25.4247","2.614674"],["buy","25.4083","0.060278"],["buy","25.387","241.1"],["buy","25.2938","120.1"],["buy","25.2865","0.250021"],["buy","25.2751","1.31882"],["buy","25.2741","0.060278"],["buy","25.2149","2.636429"],["buy","25.156","1.336847"],["buy","25.1404","0.251474"],["buy","25.1399","0.000008"],["buy","25.0069","2.658358"],["buy","25.0057","0.060278"],["buy","24.995","0.252937"],["buy","24.9698","1.334944"],["buy","24.8715","0.060278"],["buy","24.8505","0.254408"],["buy","24.8313","118"],["buy","24.8185","1.336847"],["buy","24.8006","2.680471"],["buy","24.80","8.064516"],["buy","24.7738","118.4"],["buy","24.7373","0.060278"],["buy","24.7068","0.255888"],["buy","24.6682","1.351266"],["buy","24.6031","0.060278"],["buy","24.596","2.702768"],["buy","24.564","0.257375"],["buy","24.50","40"],["buy","24.4928","119.3"],["buy","24.481","1.336847"],["buy","24.4802","0.023278"],["buy","24.4689","0.060278"],["buy","24.422","0.258872"],["buy","24.3931","2.72525"],["buy","24.3703","1.367784"],["buy","24.3347","0.000008"],["buy","24.30","1"],["buy","24.2379","0.02395"],["buy","24.2005","0.060278"],["buy","24.1919","2.747915"],["buy","24.1435","1.336847"],["buy","24.0759","1.384509"],["buy","24.0663","0.060278"],["buy","23.998","0.023207"],["buy","23.9923","2.770776"],["buy","23.98","2"],["buy","23.9321","0.060278"],["buy","23.8059","1.336847"],["buy","23.80","8.403361"],["buy","23.7979","0.060278"],["buy","23.7944","2.793821"],["buy","23.7851","1.401436"],["buy","23.7604","0.023209"],["buy","23.70","1"],["buy","23.6637","0.060278"],["buy","23.5981","2.254763"],["buy","23.5295","0.060278"],["buy","23.5252","0.022889"],["buy","23.4978","1.418571"],["buy","23.4684","1.336847"],["buy","23.4034","2.840497"],["buy","23.3953","0.060278"],["buy","23.2923","0.022321"],["buy","23.2611","0.060278"],["buy","23.214","1.435914"],["buy","23.2104","2.864117"],["buy","23.20","0.491379"],["buy","23.1309","1.336847"],["buy","23.127","0.060278"],["buy","23.0617","0.022625"],["buy","23.0189","2.887944"],["buy","23.00","1"],["buy","22.9928","0.060278"],["buy","22.9336","1.45347"],["buy","22.8586","0.060278"],["buy","22.8334","0.02262"],["buy","22.829","2.911967"],["buy","22.7934","1.336847"],["buy","22.7244","0.060278"],["buy","22.6566","1.47124"],["buy","22.6407","2.936185"],["buy","22.6074","0.022315"],["buy","22.5902","0.060278"],["buy","22.50","4.888888"],["buy","22.456","0.060278"],["buy","22.4559","1.336847"],["buy","22.4539","2.960612"],["buy","22.3836","0.022938"],["buy","22.383","1.489224"],["buy","22.3218","0.060278"],["buy","22.2687","2.985235"],["buy","22.1876","0.060278"],["buy","22.162","0.022324"],["buy","22.1184","1.336847"],["buy","22.1126","1.507435"],["buy","22.085","3.010065"],["buy","22.0534","0.060278"],["buy","22.00","27.227272"],["buy","21.9426","0.021738"],["buy","21.9192","0.060278"],["buy","21.9028","3.035105"],["buy","21.8455","1.525866"],["buy","21.785","0.060278"],["buy","21.7808","1.336847"],["buy","21.7254","0.022324"],["buy","21.7221","3.060353"],["buy","21.6508","0.060278"],["buy","21.5817","1.544517"],["buy","21.5429","3.08581"],["buy","21.5166","0.060278"],["buy","21.5103","0.022978"],["buy","21.4433","1.336847"],["buy","21.3824","0.060278"],["buy","21.3652","3.111475"],["buy","21.321","1.563402"],["buy","21.2974","0.023615"],["buy","21.2482","0.060278"],["buy","21.1889","3.137364"],["buy","21.114","0.060278"],["buy","21.1058","1.336847"],["buy","21.0866","0.023292"],["buy","21.0635","1.582515"],["buy","21.0141","3.163461"],["buy","21.00","1"],["buy","20.9798","0.060278"],["buy","20.8779","0.023295"],["buy","20.8456","0.060278"],["buy","20.8408","3.189767"],["buy","20.8091","1.601862"],["buy","20.7683","0.000007"],["buy","20.7114","0.060278"],["buy","20.6712","0.02267"],["buy","20.6689","3.216296"],["buy","20.5772","0.060278"],["buy","20.5577","1.621451"],["buy","20.50","146.341463"],["buy","20.4984","3.243048"],["buy","20.4666","0.023298"],["buy","20.443","0.060278"],["buy","20.4308","1.336847"],["buy","20.3293","3.270024"],["buy","20.3094","1.641274"],["buy","20.3088","0.060278"],["buy","20.264","0.023299"],["buy","20.1746","0.060278"],["buy","20.1616","3.297223"],["buy","20.0933","1.336847"],["buy","20.0641","1.66134"],["buy","20.0634","0.023311"],["buy","20.0404","0.060278"],["buy","20.00","26.7"],["buy","19.9952","3.324663"],["buy","19.9062","0.060278"],["buy","19.8648","0.022987"],["buy","19.8303","3.352309"],["buy","19.8218","1.681648"],["buy","19.772","0.060278"],["buy","19.7557","1.336847"],["buy","19.6682","0.023227"],["buy","19.6667","3.380196"],["buy","19.6378","0.060278"],["buy","19.5824","1.702207"],["buy","19.5045","3.408305"],["buy","19.5036","0.060278"],["buy","19.4904","25.653655"],["buy","19.4735","0.022676"],["buy","19.4182","1.336847"],["buy","19.3694","0.060278"],["buy","19.3458","1.723025"],["buy","19.3436","3.436656"],["buy","19.2807","0.022376"],["buy","19.2352","0.060278"],["buy","19.184","3.465247"],["buy","19.1122","1.744085"],["buy","19.101","0.060278"],["buy","19.0899","0.022378"],["buy","19.0807","1.336847"],["buy","19.0257","3.494079"],["buy","19.00","14.473682"],["buy","18.9668","0.060278"],["buy","18.9009","0.0218"],["buy","18.8813","1.765413"],["buy","18.8688","3.523133"],["buy","18.8326","0.060278"],["buy","18.7432","1.336847"],["buy","18.7138","0.021522"],["buy","18.7131","3.552447"],["buy","18.6984","0.060278"],["buy","18.6533","1.786992"],["buy","18.5642","0.060278"],["buy","18.5587","3.582002"],["buy","18.5286","0.02125"],["buy","18.51","20"],["buy","18.4301","0.060278"],["buy","18.428","1.80884"],["buy","18.4057","4.948625"],["buy","18.3452","0.021253"],["buy","18.2054","1.830957"],["buy","18.1636","0.02153"],["buy","18.0682","1.336847"],["buy","18.00","150.166666"],["buy","17.9855","1.853343"],["buy","17.9838","0.021259"],["buy","17.8058","0.020993"],["buy","17.7683","1.875998"],["buy","17.7307","1.336847"],["buy","17.6296","0.020996"],["buy","17.60","5.681818"],["buy","17.5991","5.490011"],["buy","17.59","2"],["buy","17.5537","1.898933"],["buy","17.52","55"],["buy","17.51","15"],["buy","17.4551","0.020483"],["buy","17.3416","1.922158"],["buy","17.2823","0.020486"],["buy","17.1112","0.020489"],["buy","17.00","2"],["buy","16.9418","0.020492"],["buy","16.7741","0.020495"],["buy","16.6081","0.020498"],["buy","16.4437","0.020501"],["buy","16.2809","0.020504"],["buy","16.1198","0.020507"],["buy","15.9602","0.02051"],["buy","15.94","1"],["buy","15.8022","0.020513"],["buy","15.6458","0.020516"],["buy","15.4909","0.020519"],["buy","15.3376","0.020522"],["buy","15.1858","0.020526"],["buy","15.0355","0.020529"],["buy","15.00","10.25"],["buy","14.8867","0.020532"],["buy","14.7752","2.368834"],["buy","14.7394","0.020536"],["buy","14.5935","0.020539"],["buy","14.4491","0.020542"],["buy","14.3061","0.020546"],["buy","14.1645","0.020549"],["buy","14.0243","0.020553"],["buy","14.00","10"],["buy","13.8855","0.020557"],["buy","13.7481","0.02056"],["buy","13.612","0.020564"],["buy","13.4773","0.020567"],["buy","13.3439","0.020571"],["buy","13.2118","0.020575"],["buy","13.20","2.5"],["buy","13.081","0.020579"],["buy","12.9515","0.020583"],["buy","12.8233","0.020586"],["buy","12.6964","0.02059"],["buy","12.5707","0.020594"],["buy","12.4463","0.020598"],["buy","12.3231","0.020602"],["buy","12.2011","0.020606"],["buy","12.0803","0.02061"],["buy","12.00","10"],["buy","11.9607","0.020615"],["buy","11.8423","0.020619"],["buy","11.7515","1"],["buy","11.7251","0.020623"],["buy","11.6091","0.020627"],["buy","11.4942","0.020631"],["buy","11.3804","0.020636"],["buy","11.2678","0.02064"],["buy","11.1563","0.020645"],["buy","11.0459","0.020649"],["buy","10.9366","0.020654"],["buy","10.8284","0.020658"],["buy","10.7212","0.020663"],["buy","10.6518","1"],["buy","10.6151","0.020668"],["buy","10.51","0.020672"],["buy","10.406","0.020677"],["buy","10.303","0.020681"],["buy","10.201","0.020687"],["buy","10.10","0.020692"],["buy","10.00","1.020697"],["buy","8.60","10"],["buy","7.30","5"],["buy","7.25","10"],["buy","7.07","10"],["buy","6.80","24"],["buy","6.00","15"],["buy","5.00","1"],["buy","0.0126","3890"],["buy","0.01","10"],["buy","0.0031","11000"],["buy","0.0011","30000"],["buy","0.001","100"],["buy","0.0008","58999"],["buy","0.0001","1000"],["sell","25.8441","21.1"],["sell","25.8792","38.727156"],["sell","25.8935","77.454311"],["sell","25.9024","35.9"],["sell","25.9025","135.545043"],["sell","25.9216","94.95"],["sell","25.9314","0.245709"],["sell","25.945","124.8"],["sell","25.9451","0.060278"],["sell","26.0162","50"],["sell","26.0384","847"],["sell","26.0679","100"],["sell","26.0793","0.060278"],["sell","26.0822","0.244289"],["sell","26.0937","150"],["sell","26.1165","2.571715"],["sell","26.1626","625.8"],["sell","26.1686","1.336847"],["sell","26.2135","0.060278"],["sell","26.2338","0.242876"],["sell","26.266","1.287154"],["sell","26.3169","242.9"],["sell","26.3338","2.550501"],["sell","26.3477","0.060278"],["sell","26.3864","0.241472"],["sell","26.4048","122.2"],["sell","26.4819","0.060278"],["sell","26.5061","1.336847"],["sell","26.5198","123"],["sell","26.5398","0.262415"],["sell","26.5528","2.529462"],["sell","26.5871","0.000011"],["sell","26.6161","0.060278"],["sell","26.6487","2.54069088"],["sell","26.6941","0.240863"],["sell","26.7503","0.060278"],["sell","26.7737","0.000006"],["sell","26.8052","0.021847"],["sell","26.8436","1.336847"],["sell","26.8494","0.240863"],["sell","26.8845","0.060278"],["sell","26.9121","1.256248"],["sell","26.9243","119.3"],["sell","26.9963","2.487904"],["sell","27.00","0.096008"],["sell","27.0055","0.240863"],["sell","27.0187","0.060278"],["sell","27.0732","0.022153"],["sell","27.1529","0.060278"],["sell","27.1625","0.240863"],["sell","27.1811","1.336847"],["sell","27.20","8.161765"],["sell","27.2209","2.467376"],["sell","27.2412","1.241075"],["sell","27.2871","0.060278"],["sell","27.3206","0.240863"],["sell","27.3438","0.022467"],["sell","27.4213","0.060278"],["sell","27.4474","2.723754"],["sell","27.4794","0.240863"],["sell","27.5186","1.336847"],["sell","27.55","20.14519"],["sell","27.5555","0.060278"],["sell","27.57","0.13875"],["sell","27.5742","1.226084"],["sell","27.6172","0.021979"],["sell","27.6392","0.240863"],["sell","27.6757","2.723754"],["sell","27.6758","1.806632"],["sell","27.6897","0.060278"],["sell","27.6911","1.805634"],["sell","27.7468","43.722919"],["sell","27.7815","121.3"],["sell","27.7999","0.240863"],["sell","27.8239","0.060278"],["sell","27.8561","1.336847"],["sell","27.8933","0.021675"],["sell","27.9059","2.723754"],["sell","27.9113","1.211279"],["sell","27.9615","0.240863"],["sell","28.00","68.821429"],["sell","28.10","126"],["sell","28.138","2.723754"],["sell","28.1721","0.021979"],["sell","28.1936","1.336847"],["sell","28.20","0.035"],["sell","28.2526","1.196646"],["sell","28.30","200"],["sell","28.37","24.563671"],["sell","28.372","2.723754"],["sell","28.4282","3.517633"],["sell","28.43","0.099871"],["sell","28.4538","0.021416"],["sell","28.4992","119.987332"],["sell","28.5312","1.336847"],["sell","28.5906","1.748826"],["sell","28.598","1.182191"],["sell","28.608","2.723754"],["sell","28.7384","0.021126"],["sell","28.8273","1"],["sell","28.8461","2.723754"],["sell","28.8687","1.336847"],["sell","28.9476","1.530391"],["sell","29.00","545.14639"],["sell","29.0257","0.020565"],["sell","29.0859","2.723754"],["sell","29.1669","0.5"],["sell","29.19","27.917569"],["sell","29.2062","1.336847"],["sell","29.30","7.272727"],["sell","29.3015","1.530391"],["sell","29.3159","0.020295"],["sell","29.3279","2.723754"],["sell","29.5437","1.336847"],["sell","29.5719","2.723754"],["sell","29.6091","0.020295"],["sell","29.6597","1.530391"],["sell","29.70","5"],["sell","29.81","0.120651"],["sell","29.8178","2.723754"],["sell","29.8812","1.336847"],["sell","29.9051","0.000005"],["sell","29.93","1"],["sell","30.00","96.110904"],["sell","30.01","5.349923"],["sell","30.0224","1.530391"],["sell","30.0659","2.723754"],["sell","30.20","42.748261"],["sell","30.2041","0.019774"],["sell","30.2187","1.336847"],["sell","30.316","2.723754"],["sell","30.50","6"],["sell","30.5061","0.019774"],["sell","30.5563","1.336847"],["sell","30.58","0.1182"],["sell","30.8112","0.019774"],["sell","30.8938","1.336847"],["sell","31.00","48.676968"],["sell","31.1193","0.019523"],["sell","31.2313","1.336847"],["sell","31.28","0.26966"],["sell","31.35","50"],["sell","31.4304","0.019523"],["sell","31.44","100"],["sell","31.50","6"],["sell","31.53","13.133364"],["sell","31.5649","30"],["sell","31.5688","1.336847"],["sell","31.7446","0.019523"],["sell","31.75","10"],["sell","31.87","200"],["sell","31.9063","1.336847"],["sell","32.00","0.5"],["sell","32.062","0.019523"],["sell","32.2438","1.336847"],["sell","32.3825","0.019523"],["sell","32.50","6.659053"],["sell","32.55","33.964507"],["sell","32.5814","1.336847"],["sell","32.7063","0.019523"],["sell","32.9189","1.336847"],["sell","32.977","1"],["sell","33.00","117.276253"],["sell","33.0333","0.019523"],["sell","33.20","100"],["sell","33.2564","1.336847"],["sell","33.3636","0.019523"],["sell","33.37","0.368717"],["sell","33.5939","1.336847"],["sell","33.6972","0.019523"],["sell","33.80","0.122727"],["sell","33.86","1.246448"],["sell","33.9314","1.336847"],["sell","34.00","931.543835"],["sell","34.03","1"],["sell","34.0341","0.019523"],["sell","34.20","34.458993"],["sell","34.22","22"],["sell","34.2689","1.336847"],["sell","34.37","2"],["sell","34.3744","0.019523"],["sell","34.44","75"],["sell","34.50","11.975437"],["sell","34.6065","1.336847"],["sell","34.7181","0.019523"],["sell","34.97","0.5"],["sell","35.00","327.433137"],["sell","35.0652","0.019523"],["sell","35.39","0.12205"],["sell","35.4158","0.019523"],["sell","35.70","0.46"],["sell","35.7699","0.019523"],["sell","36.00","6.5"],["sell","36.1276","0.019523"],["sell","36.20","0.12346"],["sell","36.4888","0.019523"],["sell","36.8536","0.019523"],["sell","37.00","5.55"],["sell","37.2221","0.019523"],["sell","37.5943","0.019523"],["sell","37.70","0.951295"],["sell","37.9641","79.087848"],["sell","37.9702","0.019523"],["sell","38.00","62.3"],["sell","38.2266","1.5"],["sell","38.3498","0.019523"],["sell","38.52","33.101621"],["sell","38.7333","0.019523"],["sell","38.8351","6"],["sell","39.00","70.918744"],["sell","39.01","0.102872"],["sell","39.07","0.5"],["sell","39.1205","0.019523"],["sell","39.40","1"],["sell","39.5116","0.019523"],["sell","39.5997","370.133401"],["sell","39.8848","25"],["sell","39.90","34.555513"],["sell","39.9066","0.019523"],["sell","40.00","141.471938"],["sell","40.3056","0.019523"],["sell","40.50","33.229694"],["sell","40.7087","0.019523"],["sell","41.00","10"],["sell","41.1157","0.019523"],["sell","41.49","33"],["sell","41.5268","0.019523"],["sell","41.942","0.019523"],["sell","42.00","10"],["sell","42.3613","0.019523"],["sell","42.7849","0.019523"],["sell","43.00","12"],["sell","43.2127","0.019523"],["sell","43.50","1"],["sell","43.6447","0.019523"],["sell","44.00","0.319491"],["sell","44.0811","0.019523"],["sell","44.40","2"],["sell","44.5219","0.019523"],["sell","44.75","25"],["sell","44.9132","22.146439"],["sell","44.9671","0.019523"],["sell","45.00","401.620209"],["sell","45.4167","0.019523"],["sell","45.8709","0.019523"],["sell","46.00","158.263878"],["sell","46.3296","0.019523"],["sell","46.7928","0.019523"],["sell","47.00","100"],["sell","47.2606","0.019523"],["sell","47.7332","0.019523"],["sell","48.00","20.85"],["sell","48.2105","0.019523"],["sell","48.50","19.989"],["sell","48.6925","0.019523"],["sell","49.1794","0.019523"],["sell","49.21","37"],["sell","49.6711","0.019523"],["sell","50.00","51.780085"],["sell","50.1678","0.019523"],["sell","50.6694","0.019523"],["sell","51.176","0.019523"],["sell","51.6877","0.019523"],["sell","52.00","19.303308"],["sell","52.2046","0.019523"],["sell","54.00","101.65089"],["sell","54.50","519.103747"],["sell","55.00","50"],["sell","56.11","2"],["sell","57.00","20"],["sell","66.00","0.606061"],["sell","72.00","4"],["sell","74.00","24.253546"],["sell","75.00","1"],["sell","79.8351","3"],["sell","80.00","5"],["sell","90.00","10"],["sell","99.00","35.222223"],["sell","99.90","20"],["sell","100.00","1"],["sell","110.00","30"],["sell","119.00","10"],["sell","145.00","200"],["sell","150.00","1"],["sell","200.00","18.5"],["sell","300.00","1"],["sell","400.00","8.75"],["sell","713.258","1"],["sell","797.8351","1"],["sell","969999.00","0.6"]],"trades":[{"type":"trade","symbol":"UMAUSD","event_id":32076456037,"timestamp":1617645055562,"price":"25.8927","quantity":"3.727985","side":"buy"},{"type":"trade","symbol":"UMAUSD","event_id":32075143496,"timestamp":1617644413418,"price":"25.7709","quantity":"0.147149","side":"sell"},{"type":"trade","symbol":"UMAUSD","event_id":32075143494,"timestamp":1617644413418,"price":"25.771","quantity":"4.106","side":"sell"},{"type":"trade","symbol":"UMAUSD","event_id":32074477993,"timestamp":1617644104106,"price":"25.7096","quantity":"0.278254","side":"sell"},{"type":"trade","symbol":"UMAUSD","event_id":32074155441,"timestamp":1617643984100,"price":"25.7298","quantity":"16.1","side":"sell"},{"type":"trade","symbol":"UMAUSD","event_id":32074155411,"timestamp":1617643984097,"price":"25.7298","quantity":"5","side":"sell"},{"type":"trade","symbol":"UMAUSD","event_id":32074155271,"timestamp":1617643984073,"price":"25.7307","quantity":"6.1","side":"sell"},{"type":"trade","symbol":"UMAUSD","event_id":32074155258,"timestamp":1617643984070,"price":"25.7307","quantity":"15","side":"sell"},{"type":"trade","symbol":"UMAUSD","event_id":32074075448,"timestamp":1617643957501,"price":"25.7377","quantity":"6.1","side":"sell"},{"type":"trade","symbol":"UMAUSD","event_id":32074075439,"timestamp":1617643957500,"price":"25.7377","quantity":"15","side":"sell"},{"type":"trade","symbol":"UMAUSD","event_id":32074048755,"timestamp":1617643951127,"price":"25.745","quantity":"5","side":"sell"},{"type":"trade","symbol":"UMAUSD","event_id":32074048552,"timestamp":1617643951053,"price":"25.745","quantity":"1.1","side":"sell"},{"type":"trade","symbol":"UMAUSD","event_id":32074048546,"timestamp":1617643951052,"price":"25.745","quantity":"5","side":"sell"},{"type":"trade","symbol":"UMAUSD","event_id":32074048532,"timestamp":1617643951051,"price":"25.745","quantity":"5","side":"sell"},{"type":"trade","symbol":"UMAUSD","event_id":32074048519,"timestamp":1617643951051,"price":"25.745","quantity":"5","side":"sell"},{"type":"trade","symbol":"UMAUSD","event_id":32074048270,"timestamp":1617643950931,"price":"25.7334","quantity":"5","side":"sell"},{"type":"trade","symbol":"UMAUSD","event_id":32074048257,"timestamp":1617643950924,"price":"25.7334","quantity":"5","side":"sell"},{"type":"trade","symbol":"UMAUSD","event_id":32074048251,"timestamp":1617643950924,"price":"25.7334","quantity":"1.1","side":"sell"},{"type":"trade","symbol":"UMAUSD","event_id":32074048245,"timestamp":1617643950923,"price":"25.7334","quantity":"10","side":"sell"},{"type":"trade","symbol":"UMAUSD","event_id":32074015709,"timestamp":1617643940481,"price":"25.6996","quantity":"21.1","side":"buy"},{"type":"trade","symbol":"UMAUSD","event_id":32074015640,"timestamp":1617643940469,"price":"25.6948","quantity":"1.1","side":"buy"},{"type":"trade","symbol":"UMAUSD","event_id":32074015631,"timestamp":1617643940467,"price":"25.6948","quantity":"8.9","side":"buy"},{"type":"trade","symbol":"UMAUSD","event_id":32074015625,"timestamp":1617643940467,"price":"25.6948","quantity":"1.1","side":"buy"},{"type":"trade","symbol":"UMAUSD","event_id":32074015617,"timestamp":1617643940466,"price":"25.6948","quantity":"10","side":"buy"},{"type":"trade","symbol":"UMAUSD","event_id":32073975627,"timestamp":1617643927599,"price":"25.6768","quantity":"10.83603","side":"buy"},{"type":"trade","symbol":"UMAUSD","event_id":32073975588,"timestamp":1617643927567,"price":"25.6768","quantity":"10.26397","side":"buy"},{"type":"trade","symbol":"UMAUSD","event_id":32073959532,"timestamp":1617643922015,"price":"25.6768","quantity":"4.958","side":"sell"},{"type":"trade","symbol":"UMAUSD","event_id":32073958478,"timestamp":1617643921780,"price":"25.6767","quantity":"0.060261","side":"sell"},{"type":"trade","symbol":"UMAUSD","event_id":32073958476,"timestamp":1617643921780,"price":"25.7303","quantity":"0.000009","side":"sell"},{"type":"trade","symbol":"UMAUSD","event_id":32073947386,"timestamp":1617643918016,"price":"25.7303","quantity":"0.2457","side":"sell"},{"type":"trade","symbol":"UMAUSD","event_id":32073947148,"timestamp":1617643917952,"price":"25.7352","quantity":"5.34776","side":"sell"},{"type":"trade","symbol":"UMAUSD","event_id":32073880354,"timestamp":1617643893704,"price":"25.8109","quantity":"0.000008","side":"sell"},{"type":"trade","symbol":"UMAUSD","event_id":32073208437,"timestamp":1617643685273,"price":"25.811","quantity":"5.34776","side":"buy"},{"type":"trade","symbol":"UMAUSD","event_id":32073208431,"timestamp":1617643685272,"price":"25.811","quantity":"9.34224","side":"buy"},{"type":"trade","symbol":"UMAUSD","event_id":32073208429,"timestamp":1617643685272,"price":"25.811","quantity":"0.75224","side":"buy"},{"type":"trade","symbol":"UMAUSD","event_id":32073208423,"timestamp":1617643685272,"price":"25.811","quantity":"4.90552","side":"buy"},{"type":"trade","symbol":"UMAUSD","event_id":32073208417,"timestamp":1617643685271,"price":"25.811","quantity":"15.44224","side":"buy"},{"type":"trade","symbol":"UMAUSD","event_id":32073207236,"timestamp":1617643684535,"price":"25.8109","quantity":"0.06027","side":"sell"},{"type":"trade","symbol":"UMAUSD","event_id":32073207208,"timestamp":1617643684524,"price":"25.831","quantity":"0.000012","side":"sell"},{"type":"trade","symbol":"UMAUSD","event_id":32073206008,"timestamp":1617643683521,"price":"25.831","quantity":"1.336835","side":"sell"},{"type":"trade","symbol":"UMAUSD","event_id":32073206006,"timestamp":1617643683521,"price":"25.8494","quantity":"0.000005","side":"sell"},{"type":"trade","symbol":"UMAUSD","event_id":32073206000,"timestamp":1617643683520,"price":"25.8494","quantity":"2.57171","side":"sell"},{"type":"trade","symbol":"UMAUSD","event_id":32073205989,"timestamp":1617643683519,"price":"25.8799","quantity":"0.000013","side":"sell"},{"type":"trade","symbol":"UMAUSD","event_id":32073203761,"timestamp":1617643682237,"price":"25.8799","quantity":"0.244276","side":"sell"},{"type":"trade","symbol":"UMAUSD","event_id":32073203759,"timestamp":1617643682237,"price":"25.8969","quantity":"0.000004","side":"sell"},{"type":"trade","symbol":"UMAUSD","event_id":32073192970,"timestamp":1617643677327,"price":"25.8969","quantity":"1.28715","side":"sell"},{"type":"trade","symbol":"UMAUSD","event_id":32073011893,"timestamp":1617643617911,"price":"25.9347","quantity":"3.882","side":"buy"},{"type":"trade","symbol":"UMAUSD","event_id":32072996652,"timestamp":1617643612986,"price":"25.9451","quantity":"0.000008","side":"sell"},{"type":"trade","symbol":"UMAUSD","event_id":32072954278,"timestamp":1617643596108,"price":"25.9452","quantity":"3.046686","side":"buy"}