wss://api.gemini.com/v2/marketdata/ <-> 1624493666.4493928
wss://api.gemini.com/v2/marketdata/ <- 1624493666.602648: {"type":"subscribe","subscriptions":[{"name":"l2","symbols":["BTCGBP","LINKETH","FILUSD","ZECLTC","BATBTC","ETHEUR","LTCETH","GRTUSD","ANKRUSD","ALCXUSD"]}]}
1624493666.63848: {"type":"l2_updates","symbol":"ALCXUSD","changes":[["buy","302.75","0.00001"],["buy","302.32","2.445529"],["buy","302.15","6.589575"],["buy","301.64","16.466937"],["buy","301.21","16.490761"],["buy","301.05","0.00001"],["buy","300.98","4.153099"],["buy","299.86","0.00001"],["buy","299.60","4.172229"],["buy","299.42","4.174737"],["buy","299.34","4.175853"],["buy","298.91","8.36372"],["buy","298.89","4.18214"],["buy","298.85","0.00001"],["buy","298.83","4.287553"],["buy","298.36","0.00001"],["buy","298.33","4.18999"],["buy","298.16","0.00002"],["buy","298.13","4.192801"],["buy","297.88","4.19632"],["buy","297.55","4.200974"],["buy","297.33","0.00001"],["buy","297.24","0.00001"],["buy","297.06","4.207904"],["buy","297.01","4.208612"],["buy","296.67","4.213435"],["buy","296.63","4.214003"],["buy","296.41","82.408206"],["buy","296.04","0.00001"],["buy","295.96","4.223543"],["buy","295.77","4.226256"],["buy","295.44","4.230977"],["buy","295.35","7.547314"],["buy","295.09","5.994447"],["buy","294.40","4.245923"],["buy","294.37","4.246356"],["buy","294.14","0.288497"],["buy","294.03","4.251266"],["buy","293.90","4.253147"],["buy","293.70","0.00002"],["buy","293.68","0.00001"],["buy","293.55","4.258218"],["buy","293.40","4.260395"],["buy","293.16","0.068222"],["buy","293.08","4.265047"],["buy","292.96","0.097193"],["buy","292.92","0.00001"],["buy","292.85","4.268396"],["buy","292.70","4.270584"],["buy","292.51","5.253295"],["buy","292.49","4.27365"],["buy","292.45","4.274234"],["buy","292.43","0.00001"],["buy","292.27","0.00002"],["buy","292.25","0.00001"],["buy","292.16","6.454483"],["buy","292.12","0.00001"],["buy","292.00","0.1"],["buy","291.64","20.2032"],["buy","291.43","0.00001"],["buy","290.53","1.264708"],["buy","290.52","1.691868"],["buy","290.10","0.00005"],["buy","290.08","0.201148"],["buy","288.94","0.006921"],["buy","287.62","0.890755"],["buy","285.88","0.006995"],["buy","284.74","1.69586"],["buy","283.85","0.4363"],["buy","283.12","0.00001"],["buy","282.37","0.008853"],["buy","281.89","1.190361"],["buy","281.01","0.577228"],["buy","279.78","0.008935"],["buy","278.81","0.00001"],["buy","277.08","0.009022"],["buy","277.00","0.1"],["buy","275.42","0.486794"],["buy","275.00","3.25"],["buy","274.86","0.00001"],["buy","274.34","0.00001"],["buy","274.28","0.009114"],["buy","273.66","0.00001"],["buy","273.52","0.472597"],["buy","269.98","0.00001"],["buy","269.97","0.00001"],["buy","269.82","0.00001"],["buy","267.22","0.00001"],["buy","265.77","0.00001"],["buy","264.12","0.00001"],["buy","263.23","0.00001"],["buy","263.00","0.1"],["buy","262.63","0.00001"],["buy","261.46","0.00001"],["buy","257.47","0.00001"],["buy","256.96","0.00001"],["buy","256.62","0.00001"],["buy","255.55","0.3"],["buy","255.00","0.078431"],["buy","254.80","0.00001"],["buy","252.31","0.00001"],["buy","252.22","0.00001"],["buy","251.00","0.199601"],["buy","250.00","41.8"],["buy","249.48","0.040083"],["buy","249.28","0.2"],["buy","245.00","1"],["buy","237.00","0.1"],["buy","230.00","2.173913"],["buy","223.00","0.1"],["buy","220.00","0.5"],["buy","215.55","0.4"],["buy","215.00","0.1"],["buy","210.00","1"],["buy","207.00","0.1"],["buy","200.00","1.35"],["buy","199.00","0.5"],["buy","192.00","0.1"],["buy","185.00","0.1"],["buy","177.00","0.1"],["buy","175.55","0.5"],["buy","169.00","0.1"],["buy","159.00","1.07"],["buy","150.00","13.333333"],["buy","135.55","0.7"],["buy","120.00","60"],["buy","101.16","0.5"],["buy","100.01","0.09969"],["buy","100.00","0.25"],["buy","95.55","1"],["buy","65.55","2"],["buy","59.00","1"],["buy","35.55","4"],["sell","303.05","8.12974"],["sell","303.33","10.554763"],["sell","303.34","0.276424"],["sell","303.63","6.590505"],["sell","304.52","16.48243"],["sell","304.81","16.464171"],["sell","306.06","0.183647"],["sell","309.62","82.292105"],["sell","309.78","0.238312"],["sell","319.14","0.528977"],["sell","319.29","0.873924"],["sell","320.58","0.463857"],["sell","322.33","0.529934"],["sell","322.48","0.474488"],["sell","322.55","0.416526"],["sell","325.55","0.582153"],["sell","328.96","0.801833"],["sell","330.30","0.407164"],["sell","332.25","1.049612"],["sell","333.60","0.589544"],["sell","335.57","0.476757"],["sell","338.77","0.345067"],["sell","342.16","0.511203"],["sell","494.00","155"],["sell","600.00","0.05"],["sell","750.00","0.05"]],"trades":[{"type":"trade","symbol":"ALCXUSD","event_id":45465785975,"timestamp":1624493651491,"price":"302.53","quantity":"0.992143","side":"buy"},{"type":"trade","symbol":"ALCXUSD","event_id":45465785690,"timestamp":1624493651353,"price":"302.32","quantity":"4.140581","side":"sell"},{"type":"trade","symbol":"ALCXUSD","event_id":45465785411,"timestamp":1624493651198,"price":"302.56","quantity":"3.292266","side":"sell"},{"type":"trade","symbol":"ALCXUSD","event_id":45465784627,"timestamp":1624493650978,"price":"302.67","quantity":"4.12991","side":"buy"},{"type":"trade","symbol":"ALCXUSD","event_id":45465676104,"timestamp":1624493583877,"price":"301.17","quantity":"0.845491","side":"buy"},{"type":"trade","symbol":"ALCXUSD","event_id":45465675775,"timestamp":1624493583383,"price":"301.20","quantity":"0.00001","side":"sell"},{"type":"trade","symbol":"ALCXUSD","event_id":45465675773,"timestamp":1624493583383,"price":"301.30","quantity":"0.00001","side":"sell"},{"type":"trade","symbol":"ALCXUSD","event_id":45465675771,"timestamp":1624493583383,"price":"301.41","quantity":"0.00001","side":"sell"},{"type":"trade","symbol":"ALCXUSD","event_id":45465675769,"timestamp":1624493583383,"price":"301.46","quantity":"3.304958","side":"sell"},{"type":"trade","symbol":"ALCXUSD","event_id":45465675738,"timestamp":1624493583358,"price":"301.54","quantity":"4.145387","side":"buy"},{"type":"trade","symbol":"ALCXUSD","event_id":45465431462,"timestamp":1624493434546,"price":"301.19","quantity":"0.00001","side":"sell"},{"type":"trade","symbol":"ALCXUSD","event_id":45465431460,"timestamp":1624493434546,"price":"301.19","quantity":"0.00001","side":"sell"},{"type":"trade","symbol":"ALCXUSD","event_id":45465317844,"timestamp":1624493374987,"price":"301.19","quantity":"0.00001","side":"sell"},{"type":"trade","symbol":"ALCXUSD","event_id":45465009348,"timestamp":1624493230727,"price":"301.28","quantity":"0.00001","side":"sell"},{"type":"trade","symbol":"ALCXUSD","event_id":45464892765,"timestamp":1624493180325,"price":"300.45","quantity":"4.160376","side":"buy"},{"type":"trade","symbol":"ALCXUSD","event_id":45464829712,"timestamp":1624493149653,"price":"300.54","quantity":"0.00001","side":"sell"},{"type":"trade","symbol":"ALCXUSD","event_id":45464829710,"timestamp":1624493149653,"price":"300.61","quantity":"0.00001","side":"sell"},{"type":"trade","symbol":"ALCXUSD","event_id":45464829708,"timestamp":1624493149653,"price":"300.61","quantity":"0.00001","side":"sell"},{"type":"trade","symbol":"ALCXUSD","event_id":45464829706,"timestamp":1624493149653,"price":"300.61","quantity":"0.00001","side":"sell"},{"type":"trade","symbol":"ALCXUSD","event_id":45464829704,"timestamp":1624493149653,"price":"300.63","quantity":"0.00001","side":"sell"},{"type":"trade","symbol":"ALCXUSD","event_id":45464829356,"timestamp":1624493149370,"price":"300.92","quantity":"0.00001","side":"sell"},{"type":"trade","symbol":"ALCXUSD","event_id":45464811812,"timestamp":1624493139930,"price":"301.10","quantity":"0.00001","side":"sell"},{"type":"trade","symbol":"ALCXUSD","event_id":45464801580,"timestamp":1624493135999,"price":"301.10","quantity":"0.00001","side":"sell"},{"type":"trade","symbol":"ALCXUSD","event_id":45464757677,"timestamp":1624493116106,"price":"301.25","quantity":"0.00001","side":"sell"},{"type":"trade","symbol":"ALCXUSD","event_id":45464575311,"timestamp":1624493019362,"price":"301.26","quantity":"0.00001","side":"sell"},{"type":"trade","symbol":"ALCXUSD","event_id":45464482075,"timestamp":1624492974844,"price":"300.71","quantity":"0.042624","side":"sell"},{"type":"trade","symbol":"ALCXUSD","event_id":45464482073,"timestamp":1624492974844,"price":"300.86","quantity":"0.00001","side":"sell"},{"type":"trade","symbol":"ALCXUSD","event_id":45464482071,"timestamp":1624492974844,"price":"301.36","quantity":"0.00001","side":"sell"},{"type":"trade","symbol":"ALCXUSD","event_id":45464482069,"timestamp":1624492974844,"price":"301.36","quantity":"0.00001","side":"sell"},{"type":"trade","symbol":"ALCXUSD","event_id":45464482067,"timestamp":1624492974844,"price":"301.36","quantity":"0.00001","side":"sell"},{"type":"trade","symbol":"ALCXUSD","event_id":45464482065,"timestamp":1624492974844,"price":"301.38","quantity":"0.00001","side":"sell"},{"type":"trade","symbol":"ALCXUSD","event_id":45464415401,"timestamp":1624492950533,"price":"302.01","quantity":"0.00001","side":"sell"},{"type":"trade","symbol":"ALCXUSD","event_id":45464327236,"timestamp":1624492917728,"price":"302.31","quantity":"2.824964","side":"buy"},{"type":"trade","symbol":"ALCXUSD","event_id":45464090389,"timestamp":1624492849036,"price":"301.72","quantity":"0.00001","side":"sell"},{"type":"trade","symbol":"ALCXUSD","event_id":45464065397,"timestamp":1624492839530,"price":"301.72","quantity":"0.00001","side":"sell"},{"type":"trade","symbol":"ALCXUSD","event_id":45464051375,"timestamp":1624492830844,"price":"301.86","quantity":"0.00001","side":"sell"},{"type":"trade","symbol":"ALCXUSD","event_id":45464050441,"timestamp":1624492830329,"price":"301.99","quantity":"0.00001","side":"sell"},{"type":"trade","symbol":"ALCXUSD","event_id":45464045639,"timestamp":1624492828539,"price":"301.99","quantity":"0.00001","side":"sell"},{"type":"trade","symbol":"ALCXUSD","event_id":45463983049,"timestamp":1624492793517,"price":"301.99","quantity":"0.00001","side":"sell"},{"type":"trade","symbol":"ALCXUSD","event_id":45463909422,"timestamp":1624492730535,"price":"301.90","quantity":"0.00001","side":"sell"},{"type":"trade","symbol":"ALCXUSD","event_id":45463908555,"timestamp":1624492729987,"price":"301.91","quantity":"0.00001","side":"sell"},{"type":"trade","symbol":"ALCXUSD","event_id":45463791708,"timestamp":1624492612937,"price":"302.31","quantity":"0.022471","side":"buy"},{"type":"trade","symbol":"ALCXUSD","event_id":45463791706,"timestamp":1624492612937,"price":"302.16","quantity":"0.296819","side":"buy"},{"type":"trade","symbol":"ALCXUSD","event_id":45463712751,"timestamp":1624492548250,"price":"301.99","quantity":"0.00001","side":"sell"},{"type":"trade","symbol":"ALCXUSD","event_id":45463712749,"timestamp":1624492548250,"price":"301.99","quantity":"0.00001","side":"sell"},{"type":"trade","symbol":"ALCXUSD","event_id":45463712747,"timestamp":1624492548250,"price":"301.99","quantity":"0.00001","side":"sell"},{"type":"trade","symbol":"ALCXUSD","event_id":45463712745,"timestamp":1624492548250,"price":"301.99","quantity":"0.00001","side":"sell"},{"type":"trade","symbol":"ALCXUSD","event_id":45463712743,"timestamp":1624492548250,"price":"301.99","quantity":"0.00001","side":"sell"},{"type":"trade","symbol":"ALCXUSD","event_id":45463667517,"timestamp":1624492501297,"price":"302.31","quantity":"1.287393","side":"buy"},{"type":"trade","symbol":"ALCXUSD","event_id":45463667515,"timestamp":1624492501297,"price":"302.29","quantity":"0.277166","side":"buy"}],"auction_events":[]}
1624493666.672212: {"type":"l2_updates","symbol":"ANKRUSD","changes":[["buy","0.07929","14300"],["buy","0.07921","12596.614378"],["buy","0.07913","25206.464561"],["buy","0.07906","64350"],["buy","0.07904","44111.312982"],["buy","0.07897","62948.779671"],["buy","0.07888","63023.436658"],["buy","0.07879","1980.065617"],["buy","0.07867","5.449663"],["buy","0.07861","16275.658243"],["buy","0.07848","275000"],["buy","0.07836","2576.681869"],["buy","0.07829","3844.622289"],["buy","0.07794","5.500706"],["buy","0.07781","3073.624094"],["buy","0.07778","3869.831307"],["buy","0.07776","314673.660304"],["buy","0.07728","3894.869035"],["buy","0.07722","5.551994"],["buy","0.07686","3111.614503"],["buy","0.07678","3920.23286"],["buy","0.07651","5.603516"],["buy","0.07629","3945.411968"],["buy","0.07628","5980.162696"],["buy","0.07592","3150.140816"],["buy","0.0758","3976.572613"],["buy","0.07542","2568.850311"],["buy","0.07531","3996.753141"],["buy","0.0751","5.708722"],["buy","0.075","9855.449209"],["buy","0.07482","4022.928081"],["buy","0.07441","5.761659"],["buy","0.07434","4048.903404"],["buy","0.07386","4075.216342"],["buy","0.07372","5.815586"],["buy","0.07345","5000"],["buy","0.07339","4101.314607"],["buy","0.07304","5.869729"],["buy","0.07292","4127.749301"],["buy","0.07245","4154.526971"],["buy","0.07237","5.924071"],["buy","0.07198","4181.654335"],["buy","0.07177","5000"],["buy","0.0717","5.979428"],["buy","0.07152","4208.549763"],["buy","0.07104","6.03498"],["buy","0.07038","6.091574"],["buy","0.07","100"],["buy","0.06973","6.148358"],["buy","0.06909","6.205312"],["buy","0.06845","6.263331"],["buy","0.06781","6.322445"],["buy","0.06719","6.380786"],["buy","0.06657","6.440214"],["buy","0.06595","6.500758"],["buy","0.06534","6.561448"],["buy","0.065","100"],["buy","0.06474","6.622259"],["buy","0.06414","6.684207"],["buy","0.06355","6.746263"],["buy","0.06296","6.809482"],["buy","0.06238","6.872796"],["buy","0.06181","6.936176"],["buy","0.06124","7.000735"],["buy","0.06067","7.066508"],["buy","0.06011","7.132341"],["buy","0.06","5100"],["buy","0.05955","7.199413"],["buy","0.05904","13000"],["buy","0.059","7.266526"],["buy","0.05897","10000"],["buy","0.05846","7.333647"],["buy","0.05792","7.40202"],["buy","0.05738","7.47168"],["buy","0.05685","7.541337"],["buy","0.05633","7.610954"],["buy","0.05581","7.681867"],["buy","0.0555","14360.36036"],["buy","0.05529","7.754115"],["buy","0.055","54.363636"],["buy","0.05478","7.826306"],["buy","0.05428","7.898398"],["buy","0.054","18637.777777"],["buy","0.05378","7.97183"],["buy","0.05328","8.046641"],["buy","0.05323","1"],["buy","0.05279","8.12133"],["buy","0.0525","1500"],["buy","0.0523","8.197419"],["buy","0.05222","957.487552"],["buy","0.05182","8.27335"],["buy","0.05134","8.350702"],["buy","0.05086","8.429513"],["buy","0.05039","8.508137"],["buy","0.05005","7500"],["buy","0.05","53660"],["buy","0.04993","8.586522"],["buy","0.04947","8.666364"],["buy","0.04901","8.747705"],["buy","0.04856","8.828769"],["buy","0.04811","8.911349"],["buy","0.0479","3131.524008"],["buy","0.04767","8.993602"],["buy","0.04728","2000"],["buy","0.04722","9.07931"],["buy","0.04679","9.162749"],["buy","0.04636","9.247736"],["buy","0.04621","1000"],["buy","0.04593","9.334314"],["buy","0.0455","9.422528"],["buy","0.04511","221.680336"],["buy","0.04508","9.510316"],["buy","0.045","11118.888888"],["buy","0.04467","9.597605"],["buy","0.04426","9.686512"],["buy","0.0425","2000"],["buy","0.042","15476.190476"],["buy","0.04121","1000"],["buy","0.0412","703.883495"],["buy","0.04","59437.75"],["buy","0.03621","1000"],["buy","0.03501","28563.267637"],["buy","0.035","64642.857142"],["buy","0.03413","729.856431"],["buy","0.03333","1000"],["buy","0.03314","6035.003017"],["buy","0.0315","1000"],["buy","0.03121","1000"],["buy","0.03","105800"],["buy","0.0275","3500"],["buy","0.02621","2000"],["buy","0.026","3846.153846"],["buy","0.025","61500"],["buy","0.02121","2000"],["buy","0.021","5000"],["buy","0.0205","5000"],["buy","0.02","231120"],["buy","0.01621","5000"],["buy","0.0135","8000"],["buy","0.01121","5000"],["buy","0.0065","20000"],["buy","0.00621","10000"],["sell","0.07946","1020.482111"],["sell","0.07957","14300"],["sell","0.07963","44101.608839"],["sell","0.07968","63025.475739"],["sell","0.07978","62945.370808"],["sell","0.07981","64350"],["sell","0.07991","3036.164666"],["sell","0.07997","3795.655473"],["sell","0.08","169510.5"],["sell","0.08029","5.399559"],["sell","0.0805","3770.928076"],["sell","0.08089","2999.231135"],["sell","0.08102","3746.520775"],["sell","0.08104","5.349701"],["sell","0.08105","314905.93544"],["sell","0.08156","3721.967096"],["sell","0.0818","5.300099"],["sell","0.08189","2962.451266"],["sell","0.0825","10000"],["sell","0.08256","7.570634"],["sell","0.0829","3093.10257"],["sell","0.08333","7.570634"],["sell","0.08392","3093.10257"],["sell","0.0841","7.570634"],["sell","0.08454","28.661036"],["sell","0.08489","7.570634"],["sell","0.08497","3093.10257"],["sell","0.085","356.528153"],["sell","0.0852","6000"],["sell","0.08568","7.570634"],["sell","0.0862","632.62"],["sell","0.08648","7.570634"],["sell","0.08729","7.570634"],["sell","0.088","214544.965721"],["sell","0.0881","7.570634"],["sell","0.08892","7.570634"],["sell","0.08975","7.570634"],["sell","0.09059","7.570634"],["sell","0.09144","7.570634"],["sell","0.092","2018"],["sell","0.09229","7.570634"],["sell","0.093","20000"],["sell","0.09315","7.570634"],["sell","0.09402","7.570634"],["sell","0.09489","7.570634"],["sell","0.09578","7.570634"],["sell","0.09667","7.570634"],["sell","0.09757","7.570634"],["sell","0.09848","7.570634"],["sell","0.0994","7.570634"],["sell","0.10","255276.491386"],["sell","0.1002","4490.017965"],["sell","0.10033","7.570634"],["sell","0.10126","7.570634"],["sell","0.1022","7.570634"],["sell","0.10316","7.570634"],["sell","0.10412","7.570634"],["sell","0.10509","7.570634"],["sell","0.10606","7.570634"],["sell","0.1064","62225.720213"],["sell","0.10705","7.570634"],["sell","0.108","4925"],["sell","0.10805","7.570634"],["sell","0.10906","7.570634"],["sell","0.1099","3750"],["sell","0.11","20723.33"],["sell","0.11008","7.570634"],["sell","0.1111","7.570634"],["sell","0.15","2538.071065"],["sell","0.1599","12545.251509"],["sell","0.174","15440.899197"],["sell","0.25","200"],["sell","0.96","1115.983242"],["sell","1.00","200"],["sell","1.118","1789.549033"],["sell","3.30","600"],["sell","10.00","100"],["sell","75.08115","59.92093"],["sell","100.00","100"],["sell","250.00","100"],["sell","500.00","100"],["sell","1000.00","100"]],"trades":[{"type":"trade","symbol":"ANKRUSD","event_id":45465797135,"timestamp":1624493658905,"price":"0.07946","quantity":"2799.742271","side":"buy"},{"type":"trade","symbol":"ANKRUSD","event_id":45465766318,"timestamp":1624493646833,"price":"0.07896","quantity":"12974.531929","side":"sell"},{"type":"trade","symbol":"ANKRUSD","event_id":45465766316,"timestamp":1624493646833,"price":"0.07914","quantity":"249","side":"sell"},{"type":"trade","symbol":"ANKRUSD","event_id":45465766314,"timestamp":1624493646833,"price":"0.07914","quantity":"247","side":"sell"},{"type":"trade","symbol":"ANKRUSD","event_id":45465728642,"timestamp":1624493622767,"price":"0.07928","quantity":"295.500251","side":"buy"},{"type":"trade","symbol":"ANKRUSD","event_id":45465691281,"timestamp":1624493592390,"price":"0.079","quantity":"1.341864","side":"sell"},{"type":"trade","symbol":"ANKRUSD","event_id":45465679393,"timestamp":1624493586359,"price":"0.07897","quantity":"14300","side":"buy"},{"type":"trade","symbol":"ANKRUSD","event_id":45465670343,"timestamp":1624493579578,"price":"0.07881","quantity":"937.845095","side":"buy"},{"type":"trade","symbol":"ANKRUSD","event_id":45465670341,"timestamp":1624493579578,"price":"0.0788","quantity":"249","side":"buy"},{"type":"trade","symbol":"ANKRUSD","event_id":45465669443,"timestamp":1624493578935,"price":"0.07871","quantity":"16382.040883","side":"sell"},{"type":"trade","symbol":"ANKRUSD","event_id":45465667800,"timestamp":1624493578170,"price":"0.07877","quantity":"3036.164666","side":"sell"},{"type":"trade","symbol":"ANKRUSD","event_id":45465665607,"timestamp":1624493577542,"price":"0.07879","quantity":"3820.224382","side":"sell"},{"type":"trade","symbol":"ANKRUSD","event_id":45465659761,"timestamp":1624493573659,"price":"0.07901","quantity":"3002.711742","side":"buy"},{"type":"trade","symbol":"ANKRUSD","event_id":45465659194,"timestamp":1624493573270,"price":"0.07901","quantity":"2977.263163","side":"buy"},{"type":"trade","symbol":"ANKRUSD","event_id":45465640674,"timestamp":1624493567053,"price":"0.0791","quantity":"2780.344768","side":"buy"},{"type":"trade","symbol":"ANKRUSD","event_id":45465640672,"timestamp":1624493567053,"price":"0.07909","quantity":"12678.70733","side":"buy"},{"type":"trade","symbol":"ANKRUSD","event_id":45465639466,"timestamp":1624493566364,"price":"0.07898","quantity":"2438.45038","side":"sell"},{"type":"trade","symbol":"ANKRUSD","event_id":45465639464,"timestamp":1624493566364,"price":"0.07899","quantity":"239","side":"sell"},{"type":"trade","symbol":"ANKRUSD","event_id":45465639048,"timestamp":1624493566156,"price":"0.0793","quantity":"3795.655473","side":"sell"},{"type":"trade","symbol":"ANKRUSD","event_id":45465638925,"timestamp":1624493566055,"price":"0.0794","quantity":"14300","side":"sell"},{"type":"trade","symbol":"ANKRUSD","event_id":45465638923,"timestamp":1624493566055,"price":"0.0794","quantity":"5.399559","side":"sell"},{"type":"trade","symbol":"ANKRUSD","event_id":45465638921,"timestamp":1624493566055,"price":"0.07942","quantity":"8362.984455","side":"sell"},{"type":"trade","symbol":"ANKRUSD","event_id":45465638569,"timestamp":1624493565951,"price":"0.07943","quantity":"249","side":"sell"},{"type":"trade","symbol":"ANKRUSD","event_id":45465635495,"timestamp":1624493562901,"price":"0.07958","quantity":"6158.414603","side":"buy"},{"type":"trade","symbol":"ANKRUSD","event_id":45465607703,"timestamp":1624493546144,"price":"0.07958","quantity":"2889.97454","side":"buy"},{"type":"trade","symbol":"ANKRUSD","event_id":45465590219,"timestamp":1624493536179,"price":"0.07944","quantity":"42.335316","side":"buy"},{"type":"trade","symbol":"ANKRUSD","event_id":45465586885,"timestamp":1624493534793,"price":"0.07944","quantity":"2838.564493","side":"buy"},{"type":"trade","symbol":"ANKRUSD","event_id":45465585266,"timestamp":1624493533676,"price":"0.07944","quantity":"2895.294568","side":"buy"},{"type":"trade","symbol":"ANKRUSD","event_id":45465583479,"timestamp":1624493531735,"price":"0.07944","quantity":"231.838677","side":"buy"},{"type":"trade","symbol":"ANKRUSD","event_id":45465580576,"timestamp":1624493528874,"price":"0.07944","quantity":"4713.447054","side":"buy"},{"type":"trade","symbol":"ANKRUSD","event_id":45465578075,"timestamp":1624493528047,"price":"0.07944","quantity":"3578.519892","side":"buy"},{"type":"trade","symbol":"ANKRUSD","event_id":45465541225,"timestamp":1624493496724,"price":"0.07958","quantity":"15551.95809","side":"sell"},{"type":"trade","symbol":"ANKRUSD","event_id":45465532689,"timestamp":1624493492441,"price":"0.07974","quantity":"2999.231135","side":"sell"},{"type":"trade","symbol":"ANKRUSD","event_id":45465532285,"timestamp":1624493492192,"price":"0.07983","quantity":"1208.546156","side":"buy"},{"type":"trade","symbol":"ANKRUSD","event_id":45465531009,"timestamp":1624493491202,"price":"0.07982","quantity":"3770.928076","side":"sell"},{"type":"trade","symbol":"ANKRUSD","event_id":45465386669,"timestamp":1624493412899,"price":"0.07991","quantity":"1206.742132","side":"buy"},{"type":"trade","symbol":"ANKRUSD","event_id":45465377769,"timestamp":1624493408425,"price":"0.07999","quantity":"4938.366712","side":"buy"},{"type":"trade","symbol":"ANKRUSD","event_id":45465347805,"timestamp":1624493397424,"price":"0.08014","quantity":"5.349701","side":"sell"},{"type":"trade","symbol":"ANKRUSD","event_id":45465341164,"timestamp":1624493393141,"price":"0.08034","quantity":"3746.520775","side":"sell"},{"type":"trade","symbol":"ANKRUSD","event_id":45465318238,"timestamp":1624493375446,"price":"0.08123","quantity":"343.091621","side":"buy"},{"type":"trade","symbol":"ANKRUSD","event_id":45465309381,"timestamp":1624493368062,"price":"0.08153","quantity":"817.494205","side":"buy"},{"type":"trade","symbol":"ANKRUSD","event_id":45465301265,"timestamp":1624493363347,"price":"0.08104","quantity":"5.349701","side":"buy"},{"type":"trade","symbol":"ANKRUSD","event_id":45465301263,"timestamp":1624493363347,"price":"0.08102","quantity":"3746.520775","side":"buy"},{"type":"trade","symbol":"ANKRUSD","event_id":45465300324,"timestamp":1624493362716,"price":"0.08065","quantity":"8423.411758","side":"buy"},{"type":"trade","symbol":"ANKRUSD","event_id":45465270153,"timestamp":1624493350592,"price":"0.08065","quantity":"53868.815422","side":"buy"},{"type":"trade","symbol":"ANKRUSD","event_id":45465270151,"timestamp":1624493350592,"price":"0.08063","quantity":"64350","side":"buy"},{"type":"trade","symbol":"ANKRUSD","event_id":45465270149,"timestamp":1624493350592,"price":"0.08058","quantity":"43619.480212","side":"buy"},{"type":"trade","symbol":"ANKRUSD","event_id":45465270147,"timestamp":1624493350592,"price":"0.08054","quantity":"24906.336","side":"buy"},{"type":"trade","symbol":"ANKRUSD","event_id":45465270145,"timestamp":1624493350592,"price":"0.08049","quantity":"12453.794108","side":"buy"},{"type":"trade","symbol":"ANKRUSD","event_id":45465270143,"timestamp":1624493350592,"price":"0.08039","quantity":"14300","side":"buy"}],"auction_events":[]}
1624493666.707378: {"type":"l2_updates","symbol":"GRTUSD","changes":[["buy","0.6157","1499.409252"],["buy","0.6145","4050.276501"],["buy","0.6144","300"],["buy","0.6138","436"],["buy","0.6137","8101.173618"],["buy","0.6132","1405"],["buy","0.6131","8111.507292"],["buy","0.6129","4058.771933"],["buy","0.6126","12167.260938"],["buy","0.6124","0.626772"],["buy","0.612","2000"],["buy","0.6116","14060"],["buy","0.6091","5667"],["buy","0.609","140199.635016"],["buy","0.6083","0.630996"],["buy","0.6053","1413"],["buy","0.6041","0.635383"],["buy","0.6038","423"],["buy","0.6032","1414"],["buy","0.6001","0.639618"],["buy","0.599","1420"],["buy","0.5989","14866.086134"],["buy","0.596","0.644018"],["buy","0.592","0.64837"],["buy","0.5918","1375"],["buy","0.5912","1181.898064"],["buy","0.5879","0.652892"],["buy","0.5859","1.050142"],["buy","0.5855","735.787078"],["buy","0.584","0.657252"],["buy","0.5801","1.037148"],["buy","0.58","0.661784"],["buy","0.5761","0.666265"],["buy","0.5744","1.050157"],["buy","0.5722","0.670806"],["buy","0.5688","1.050138"],["buy","0.5683","0.675409"],["buy","0.5666","61.129526"],["buy","0.5645","0.679956"],["buy","0.564","61.046511"],["buy","0.5632","1.024436"],["buy","0.5606","0.684686"],["buy","0.5577","181.024416"],["buy","0.5568","0.689359"],["buy","0.5531","0.69397"],["buy","0.553","1808.318264"],["buy","0.5522","1.024397"],["buy","0.5517","180"],["buy","0.5493","0.698771"],["buy","0.5468","1.012121"],["buy","0.5456","0.70351"],["buy","0.5419","0.708313"],["buy","0.5414","1.012107"],["buy","0.54","50000"],["buy","0.5382","0.713183"],["buy","0.5373","200"],["buy","0.5361","1.02448"],["buy","0.5346","0.717985"],["buy","0.531","0.722853"],["buy","0.5308","1.02444"],["buy","0.53","943.396226"],["buy","0.5274","0.727787"],["buy","0.5256","1.012044"],["buy","0.525","476.190476"],["buy","0.5238","0.732789"],["buy","0.5204","1.02453"],["buy","0.5203","0.737719"],["buy","0.5196","500"],["buy","0.5167","0.742859"],["buy","0.5153","1.024469"],["buy","0.5132","0.747925"],["buy","0.5102","1.037073"],["buy","0.51","50000"],["buy","0.5098","0.752913"],["buy","0.5073","200"],["buy","0.5063","0.758118"],["buy","0.5052","1.037261"],["buy","0.5029","0.763243"],["buy","0.5002","1.037151"],["buy","0.50","3265.9"],["buy","0.4995","0.768439"],["buy","0.4961","0.773705"],["buy","0.4953","1.037327"],["buy","0.4927","0.779044"],["buy","0.4904","1.024488"],["buy","0.49","3000"],["buy","0.4894","0.784297"],["buy","0.4861","0.789622"],["buy","0.4856","1.024391"],["buy","0.485","50000"],["buy","0.4828","0.795019"],["buy","0.4808","1.024499"],["buy","0.48","550"],["buy","0.4795","0.80049"],["buy","0.4773","200"],["buy","0.4763","0.805868"],["buy","0.4761","1.024389"],["buy","0.473","0.811491"],["buy","0.4714","1.012091"],["buy","0.4698","0.817018"],["buy","0.468","4"],["buy","0.4668","1.012135"],["buy","0.4667","0.822445"],["buy","0.4635","0.828123"],["buy","0.4622","1.012075"],["buy","0.4604","0.833699"],["buy","0.46","50000"],["buy","0.4577","1.012113"],["buy","0.4572","0.839534"],["buy","0.4569","100"],["buy","0.4541","0.845266"],["buy","0.4532","1.012046"],["buy","0.4511","0.850887"],["buy","0.45","705.555555"],["buy","0.4488","1.012079"],["buy","0.448","0.856775"],["buy","0.445","0.862551"],["buy","0.4444","1.012114"],["buy","0.442","0.868405"],["buy","0.44","80.557492"],["buy","0.439","0.87434"],["buy","0.436","0.880356"],["buy","0.4357","1.012067"],["buy","0.435","150000"],["buy","0.4333","227.671359"],["buy","0.433","0.886455"],["buy","0.4314","1.012096"],["buy","0.4305","500"],["buy","0.4301","0.892432"],["buy","0.43","1580"],["buy","0.428","625.846411"],["buy","0.4272","1.89849"],["buy","0.426","23.474178"],["buy","0.425","100"],["buy","0.4243","0.904631"],["buy","0.423","1"],["buy","0.4214","0.910857"],["buy","0.42","446.095238"],["buy","0.4196","638.363339"],["buy","0.4189","1"],["buy","0.4186","0.91695"],["buy","0.4157","0.923346"],["buy","0.4148","1"],["buy","0.4129","0.929608"],["buy","0.4113","651.391162"],["buy","0.4107","1"],["buy","0.4101","0.935955"],["buy","0.408","8"],["buy","0.4074","0.942158"],["buy","0.4067","1"],["buy","0.404","2000"],["buy","0.4029","664.961811"],["buy","0.4027","1"],["buy","0.4018","24.888003"],["buy","0.4001","624.843789"],["buy","0.40","250737.5"],["buy","0.3988","1"],["buy","0.398","100"],["buy","0.3949","1"],["buy","0.3945","679.109935"],["buy","0.391","1"],["buy","0.39","1000"],["buy","0.3872","1"],["buy","0.3861","693.873194"],["buy","0.3834","1"],["buy","0.38","4763.157894"],["buy","0.3797","1"],["buy","0.3777","709.292599"],["buy","0.376","1"],["buy","0.3723","1"],["buy","0.3693","725.412885"],["buy","0.3687","1"],["buy","0.3651","1"],["buy","0.3615","1"],["buy","0.3609","742.282952"],["buy","0.358","1"],["buy","0.3545","1"],["buy","0.3525","3120.567376"],["buy","0.351","1"],["buy","0.35","4271.428569"],["buy","0.3476","1"],["buy","0.3442","1"],["buy","0.3408","1"],["buy","0.34","275"],["buy","0.3377","10000"],["buy","0.3375","1"],["buy","0.335","298.507462"],["buy","0.3342","1"],["buy","0.3309","1"],["buy","0.3277","1"],["buy","0.3245","1"],["buy","0.3213","1"],["buy","0.32","3125"],["buy","0.3182","1"],["buy","0.3151","1"],["buy","0.312","1"],["buy","0.31","500"],["buy","0.309","1"],["buy","0.306","1"],["buy","0.303","1"],["buy","0.30","41803.366665"],["buy","0.27","1300.925925"],["buy","0.26","2000"],["buy","0.25","43100"],["buy","0.235","638.297872"],["buy","0.21","3500"],["buy","0.20","5000"],["buy","0.16","4700"],["buy","0.11","5000"],["buy","0.10","15250"],["buy","0.0902","800"],["buy","0.06","10000"],["sell","0.6165","1282.599736"],["sell","0.6178","4058.535287"],["sell","0.6181","4058.535287"],["sell","0.6196","8088.706498"],["sell","0.6199","8088.706498"],["sell","0.6202","12133.059747"],["sell","0.6219","436"],["sell","0.622","0.715043"],["sell","0.6227","1405"],["sell","0.6228","1.052118"],["sell","0.624","2624"],["sell","0.6241","14407"],["sell","0.6243","79244.54271"],["sell","0.6246","38.5"],["sell","0.6262","0.715043"],["sell","0.6264","163.8"],["sell","0.629","1.025089"],["sell","0.6305","0.715043"],["sell","0.6313","38.5"],["sell","0.6315","0.534657"],["sell","0.6348","164.515043"],["sell","0.6379","39.020625"],["sell","0.6391","0.715043"],["sell","0.6433","163.8"],["sell","0.6435","0.715043"],["sell","0.6442","0.520593"],["sell","0.6446","38.5"],["sell","0.6478","0.715043"],["sell","0.65","6040.738506"],["sell","0.6506","0.520548"],["sell","0.6513","38.5"],["sell","0.6518","163.8"],["sell","0.6522","0.715043"],["sell","0.6555","3.270745"],["sell","0.6567","0.715043"],["sell","0.657","0.513645"],["sell","0.6579","38.5"],["sell","0.6595","1200"],["sell","0.6602","524.9"],["sell","0.6612","0.715043"],["sell","0.6635","0.527473"],["sell","0.6646","123.4"],["sell","0.6657","0.715043"],["sell","0.6702","1.257332"],["sell","0.6736","163.316985"],["sell","0.6748","0.715043"],["sell","0.6768","0.534783"],["sell","0.6794","0.715043"],["sell","0.68","1200"],["sell","0.6835","0.534678"],["sell","0.684","0.715043"],["sell","0.6888","0.715043"],["sell","0.69","500"],["sell","0.6903","0.534863"],["sell","0.6934","0.715043"],["sell","0.6971","0.542133"],["sell","0.6981","0.715043"],["sell","0.70","107.142858"],["sell","0.7025","3.270745"],["sell","0.7029","0.715043"],["sell","0.7041","0.549912"],["sell","0.7077","0.715043"],["sell","0.7079","1"],["sell","0.7097","2"],["sell","0.71","3508.771929"],["sell","0.711","0.542154"],["sell","0.7126","0.715043"],["sell","0.7174","0.715043"],["sell","0.7181","0.534894"],["sell","0.72","100"],["sell","0.7205","1200"],["sell","0.7223","0.715043"],["sell","0.7252","0.520495"],["sell","0.7272","0.715043"],["sell","0.7276","17.5"],["sell","0.7321","0.715043"],["sell","0.7324","0.513701"],["sell","0.7372","0.715043"],["sell","0.7396","0.513608"],["sell","0.7421","0.715043"],["sell","0.7447","3.270745"],["sell","0.747","0.536852"],["sell","0.7473","0.715043"],["sell","0.7523","0.715043"],["sell","0.7544","0.533994"],["sell","0.7575","0.715043"],["sell","0.7618","0.531452"],["sell","0.7626","0.715043"],["sell","0.765","372.789115"],["sell","0.7678","0.715043"],["sell","0.7694","0.535834"],["sell","0.7731","0.715043"],["sell","0.7769","7.8125"],["sell","0.7771","0.53476"],["sell","0.7783","0.715043"],["sell","0.7837","0.715043"],["sell","0.7848","0.534802"],["sell","0.7868","11.590843"],["sell","0.7889","0.715043"],["sell","0.7926","0.577039"],["sell","0.7944","0.715043"],["sell","0.795","138.367036"],["sell","0.7983","137.794482"],["sell","0.7985","1200"],["sell","0.7997","0.715043"],["sell","0.80","1162.288477"],["sell","0.8005","0.599512"],["sell","0.8011","40.335887"],["sell","0.8085","0.642904"],["sell","0.8165","0.638955"],["sell","0.82","3646.16946"],["sell","0.8236","39.230864"],["sell","0.8243","0.1"],["sell","0.8246","0.627362"],["sell","0.83","1000"],["sell","0.8328","0.608535"],["sell","0.8411","0.590613"],["sell","0.8422","1200"],["sell","0.845","307"],["sell","0.8468","38.156895"],["sell","0.8494","0.581952"],["sell","0.85","505"],["sell","0.851","1200"],["sell","0.8578","0.565345"],["sell","0.86","1150"],["sell","0.8664","0.527633"],["sell","0.87","1"],["sell","0.8707","37.109398"],["sell","0.875","0.534788"],["sell","0.88","842.956227"],["sell","0.8837","0.520475"],["sell","0.8925","0.527624"],["sell","0.8954","36.088783"],["sell","0.90","5555.555556"],["sell","0.9013","0.52051"],["sell","0.9103","0.513713"],["sell","0.9193","0.513651"],["sell","0.92","229.811426"],["sell","0.9206","35.099219"],["sell","0.9285","0.513701"],["sell","0.9377","0.513628"],["sell","0.9385","13.106021"],["sell","0.9466","34.136445"],["sell","0.9471","0.506969"],["sell","0.95","3"],["sell","0.9565","0.506995"],["sell","0.96","506"],["sell","0.9659","0.500412"],["sell","0.97","298.507462"],["sell","0.9732","33.200458"],["sell","0.9754","17.428748"],["sell","0.9755","0.494057"],["sell","0.98","6000"],["sell","0.9852","0.487845"],["sell","0.989","10111.223458"],["sell","0.99","99.0099"],["sell","0.995","0.487845"],["sell","0.9999","19.030993"],["sell","1.00","146.051811"],["sell","1.0007","40.134569"],["sell","1.0035","109.623614"],["sell","1.0049","0.487845"],["sell","1.0149","0.487845"],["sell","1.02","230"],["sell","1.025","0.487845"],["sell","1.0289","40.134569"],["sell","1.03","2000"],["sell","1.0352","0.487845"],["sell","1.0455","0.487845"],["sell","1.0559","0.487845"],["sell","1.0579","40.134569"],["sell","1.0664","0.487845"],["sell","1.07","1000"],["sell","1.0771","0.494063"],["sell","1.0877","40.134569"],["sell","1.0878","0.494055"],["sell","1.096","110.53809"],["sell","1.0986","0.487845"],["sell","1.10","500"],["sell","1.1096","0.487845"],["sell","1.115","37.7"],["sell","1.1157","6.292383"],["sell","1.12","4000"],["sell","1.1206","0.487845"],["sell","1.1295","6.215536"],["sell","1.1318","0.487845"],["sell","1.14","1000"],["sell","1.1431","0.487845"],["sell","1.1436","6.13891"],["sell","1.1443","23.150017"],["sell","1.15","3159.592564"],["sell","1.1544","0.487845"],["sell","1.1579","6.063088"],["sell","1.1599","15"],["sell","1.1659","0.487845"],["sell","1.17","235"],["sell","1.1723","5.770422"],["sell","1.1775","0.487845"],["sell","1.1869","5.914904"],["sell","1.1892","0.487845"],["sell","1.20","25"],["sell","1.201","0.487845"],["sell","1.2016","5.84251"],["sell","1.21","8.32486"],["sell","1.213","0.487845"],["sell","1.2166","5.770422"],["sell","1.2251","0.487845"],["sell","1.2317","5.699622"],["sell","1.2373","0.506972"],["sell","1.247","5.629623"],["sell","1.2496","0.513659"],["sell","1.25","795.21907"],["sell","1.262","0.500423"],["sell","1.2627","5.559982"],["sell","1.2745","0.494051"],["sell","1.2784","5.491607"],["sell","1.28","12.5"],["sell","1.2873","0.494064"],["sell","1.2943","5.424043"],["sell","1.3001","0.494055"],["sell","1.3103","1.444422"],["sell","1.313","0.494046"],["sell","1.32","10"],["sell","1.3261","0.494056"],["sell","1.3267","5.291759"],["sell","1.3393","0.509282"],["sell","1.34","37.7"],["sell","1.3432","5.226626"],["sell","1.35","30"],["sell","1.3526","0.506593"],["sell","1.3599","5.162307"],["sell","1.3645","15"],["sell","1.3661","0.503953"],["sell","1.37","144.529556"],["sell","1.3769","5.0988"],["sell","1.3797","0.501191"],["sell","1.3935","0.506972"],["sell","1.394","5.036104"],["sell","1.40","2134.523809"],["sell","1.4073","0.527465"],["sell","1.41","3390"],["sell","1.4113","4.974216"],["sell","1.4213","0.520447"],["sell","1.429","4.912784"],["sell","1.4356","0.527573"],["sell","1.4467","4.852511"],["sell","1.4499","0.53477"],["sell","1.4643","0.534742"],["sell","1.4648","4.792703"],["sell","1.4789","0.542085"],["sell","1.48","10"],["sell","1.483","4.734027"],["sell","1.4937","0.527573"],["sell","1.50","28331.170049"],["sell","1.5014","4.675823"],["sell","1.5085","0.527526"],["sell","1.5124","500"],["sell","1.52","1118.961713"],["sell","1.5202","4.618108"],["sell","1.5235","0.520448"],["sell","1.5285","16.859224"],["sell","1.5387","0.513632"],["sell","1.539","4.561501"],["sell","1.54","800"],["sell","1.5541","0.513655"],["sell","1.5582","4.998643"],["sell","1.5695","0.527475"],["sell","1.57","333.333333"],["sell","1.5777","4.998643"],["sell","1.5852","0.506932"],["sell","1.5973","4.998643"],["sell","1.60","363.75"],["sell","1.601","0.506938"],["sell","1.617","0.513625"],["sell","1.6171","4.998643"],["sell","1.63","93.926"],["sell","1.6331","0.534708"],["sell","1.6373","4.998643"],["sell","1.6494","0.520465"],["sell","1.65","407.276958"],["sell","1.6577","4.998643"],["sell","1.6658","0.513601"],["sell","1.67","3129"],["sell","1.6784","4.998643"],["sell","1.68","3390.002699"],["sell","1.6825","0.500425"],["sell","1.69","3000"],["sell","1.6992","0.500414"],["sell","1.6993","4.998643"],["sell","1.70","3463.738682"],["sell","1.71","2005.01"],["sell","1.7162","0.500431"],["sell","1.7204","4.998643"],["sell","1.725","20"],["sell","1.73","328.260372"],["sell","1.7333","0.487845"],["sell","1.7361","200"],["sell","1.7418","4.998643"],["sell","1.75","28.080441"],["sell","1.7506","0.487845"],["sell","1.7635","4.998643"],["sell","1.768","0.487845"],["sell","1.77","600"],["sell","1.78","64.045685"],["sell","1.7851","20"],["sell","1.7855","4.998643"],["sell","1.7856","0.487845"],["sell","1.79","37.7"],["sell","1.80","685.454843"],["sell","1.8034","0.487845"],["sell","1.8077","4.998643"],["sell","1.8214","0.487845"],["sell","1.8288","129.329292"],["sell","1.8303","4.998643"],["sell","1.8396","0.487845"],["sell","1.85","775.372859"],["sell","1.8531","4.998643"],["sell","1.8579","0.487845"],["sell","1.8682","143.394302"],["sell","1.8744","18.072289"],["sell","1.8761","4.998643"],["sell","1.8764","0.487845"],["sell","1.8888","10.480126"],["sell","1.8952","0.487845"],["sell","1.8994","4.998643"],["sell","1.90","115.789474"],["sell","1.9141","0.487845"],["sell","1.9332","0.487845"],["sell","1.95","792.435898"],["sell","1.9524","0.487845"],["sell","1.9719","0.487845"],["sell","1.9732","55"],["sell","1.98","1571.282051"],["sell","1.9916","0.487845"],["sell","2.00","31980.452453"],["sell","2.0115","0.487845"],["sell","2.0184","327.340998"],["sell","2.03","15"],["sell","2.0316","0.487845"],["sell","2.039","590.628302"],["sell","2.05","693.290773"],["sell","2.0519","0.487845"],["sell","2.0723","0.487845"],["sell","2.0733","47.798101"],["sell","2.08","60"],["sell","2.09","15"],["sell","2.0929","0.487845"],["sell","2.10","1303"],["sell","2.1138","0.487845"],["sell","2.12","170"],["sell","2.13","50"],["sell","2.1348","0.487845"],["sell","2.1561","0.487845"],["sell","2.1776","0.487845"],["sell","2.18","58"],["sell","2.1831","75.913889"],["sell","2.1992","0.487845"],["sell","2.20","19.363637"],["sell","2.2211","0.487845"],["sell","2.23","50"],["sell","2.24","3200"],["sell","2.2433","0.487845"],["sell","2.25","3968.304804"],["sell","2.2658","0.487845"],["sell","2.27","1"],["sell","2.28","50"],["sell","2.2884","0.487845"],["sell","2.3112","0.487845"],["sell","2.32","450"],["sell","2.3343","0.487845"],["sell","2.35","12.465872"],["sell","2.3575","0.487845"],["sell","2.37","20"],["sell","2.381","0.487845"],["sell","2.3911","32"],["sell","2.40","42.049351"],["sell","2.4048","0.487845"],["sell","2.4288","0.487845"],["sell","2.43","1.451802"],["sell","2.45","6"],["sell","2.453","0.487845"],["sell","2.46","15"],["sell","2.4775","0.487845"],["sell","2.49","92.24852"],["sell","2.50","632.508761"],["sell","2.5023","0.487845"],["sell","2.51","7.664247"],["sell","2.5272","0.487845"],["sell","2.53","235.161359"],["sell","2.55","24.607844"],["sell","2.5525","0.487845"],["sell","2.56","3.757926"],["sell","2.5779","0.487845"],["sell","2.6036","0.487845"],["sell","2.6211","30"],["sell","2.6296","0.487845"],["sell","2.6558","0.487845"],["sell","2.66","1.582326"],["sell","2.6758","947.35932"],["sell","2.68","1080"],["sell","2.6823","0.487845"],["sell","2.69","37.7"],["sell","2.7091","0.487845"],["sell","2.71","1.532706"],["sell","2.7361","0.487845"],["sell","2.77","20"],["sell","2.79","17.921147"],["sell","2.80","70"],["sell","2.85","65"],["sell","2.8811","1388.32"],["sell","2.95","1935"],["sell","2.98","40.877201"],["sell","3.00","1011"],["sell","3.08","4"],["sell","3.09","150"],["sell","3.15","40"],["sell","3.16","20"],["sell","3.28","304.878049"],["sell","3.40","11.725"],["sell","3.4801","947.35932"],["sell","3.50","80"],["sell","3.60","13.888889"],["sell","3.70","1004.215811"],["sell","3.75","160"],["sell","3.90","6"],["sell","4.00","430.312622"],["sell","4.15","60"],["sell","4.20","3.009762"],["sell","4.25","60"],["sell","4.41","2.979555"],["sell","4.49","37.7"],["sell","4.50","65"],["sell","4.75","125"],["sell","4.8106","947.35932"],["sell","4.90","125"],["sell","5.00","290"],["sell","5.05","125"],["sell","5.15","125"],["sell","5.27","300"],["sell","5.35","125"],["sell","5.45","75"],["sell","5.55","75"],["sell","5.75","75"],["sell","5.95","62"],["sell","6.06","100.5498"],["sell","6.66","10"],["sell","6.75","5"],["sell","6.76","32"],["sell","7.00","10"],["sell","7.36","516.304347"],["sell","9.00","5"],["sell","10.00","210"],["sell","10.20","1"],["sell","13.00","100"],["sell","14.87","33"],["sell","24.00","50.000449"],["sell","25.00","168.581035"],["sell","50.00","100"],["sell","75.00","100"],["sell","100.00","100"],["sell","133.00","2"],["sell","150.00","100"],["sell","236.00","1"],["sell","250.00","100"],["sell","687.00","1"],["sell","2345.00","1"],["sell","2359.9999","1"]],"trades":[{"type":"trade","symbol":"GRTUSD","event_id":45465693288,"timestamp":1624493594616,"price":"0.6183","quantity":"1.017123","side":"sell"},{"type":"trade","symbol":"GRTUSD","event_id":45465684220,"timestamp":1624493588234,"price":"0.62","quantity":"1415.394642","side":"sell"},{"type":"trade","symbol":"GRTUSD","event_id":45465667602,"timestamp":1624493578122,"price":"0.62","quantity":"964.066763","side":"buy"},{"type":"trade","symbol":"GRTUSD","event_id":45465659055,"timestamp":1624493573232,"price":"0.62","quantity":"235.933237","side":"buy"},{"type":"trade","symbol":"GRTUSD","event_id":45465544763,"timestamp":1624493500079,"price":"0.6194","quantity":"1000","side":"buy"},{"type":"trade","symbol":"GRTUSD","event_id":45465520812,"timestamp":1624493484482,"price":"0.6179","quantity":"38.5","side":"buy"},{"type":"trade","symbol":"GRTUSD","event_id":45465520810,"timestamp":1624493484482,"price":"0.6179","quantity":"163.8","side":"buy"},{"type":"trade","symbol":"GRTUSD","event_id":45465520243,"timestamp":1624493484345,"price":"0.6177","quantity":"0.715043","side":"buy"},{"type":"trade","symbol":"GRTUSD","event_id":45465484107,"timestamp":1624493464102,"price":"0.617","quantity":"0.1","side":"buy"},{"type":"trade","symbol":"GRTUSD","event_id":45465472297,"timestamp":1624493458343,"price":"0.6167","quantity":"1.012135","side":"buy"},{"type":"trade","symbol":"GRTUSD","event_id":45465434910,"timestamp":1624493436232,"price":"0.6136","quantity":"0.715043","side":"buy"},{"type":"trade","symbol":"GRTUSD","event_id":45465420998,"timestamp":1624493429271,"price":"0.6116","quantity":"1200","side":"buy"},{"type":"trade","symbol":"GRTUSD","event_id":45465416957,"timestamp":1624493427181,"price":"0.6113","quantity":"38.5","side":"buy"},{"type":"trade","symbol":"GRTUSD","event_id":45465407719,"timestamp":1624493421805,"price":"0.6106","quantity":"0.999456","side":"buy"},{"type":"trade","symbol":"GRTUSD","event_id":45465332057,"timestamp":1624493383741,"price":"0.6095","quantity":"163.8","side":"buy"},{"type":"trade","symbol":"GRTUSD","event_id":45465331910,"timestamp":1624493383624,"price":"0.6094","quantity":"0.715043","side":"buy"},{"type":"trade","symbol":"GRTUSD","event_id":45465331780,"timestamp":1624493383439,"price":"0.6093","quantity":"5991.178824","side":"buy"},{"type":"trade","symbol":"GRTUSD","event_id":45465316716,"timestamp":1624493374035,"price":"0.6092","quantity":"15.218723","side":"sell"},{"type":"trade","symbol":"GRTUSD","event_id":45465308925,"timestamp":1624493367803,"price":"0.6093","quantity":"89.82691","side":"buy"},{"type":"trade","symbol":"GRTUSD","event_id":45465293232,"timestamp":1624493359865,"price":"0.6074","quantity":"1069.234751","side":"buy"},{"type":"trade","symbol":"GRTUSD","event_id":45465052024,"timestamp":1624493252836,"price":"0.6038","quantity":"2390.10383","side":"buy"},{"type":"trade","symbol":"GRTUSD","event_id":45464966646,"timestamp":1624493207461,"price":"0.6038","quantity":"115.28075","side":"buy"},{"type":"trade","symbol":"GRTUSD","event_id":45464781093,"timestamp":1624493127445,"price":"0.6047","quantity":"39.669853","side":"buy"},{"type":"trade","symbol":"GRTUSD","event_id":45464758104,"timestamp":1624493116422,"price":"0.6015","quantity":"1494.160693","side":"buy"},{"type":"trade","symbol":"GRTUSD","event_id":45464261589,"timestamp":1624492900844,"price":"0.609","quantity":"204.377552","side":"buy"},{"type":"trade","symbol":"GRTUSD","event_id":45464261587,"timestamp":1624492900844,"price":"0.609","quantity":"1405","side":"buy"},{"type":"trade","symbol":"GRTUSD","event_id":45463926665,"timestamp":1624492747563,"price":"0.603","quantity":"907.890392","side":"buy"},{"type":"trade","symbol":"GRTUSD","event_id":45463800399,"timestamp":1624492617756,"price":"0.6058","quantity":"1482.213438","side":"buy"},{"type":"trade","symbol":"GRTUSD","event_id":45463652949,"timestamp":1624492491374,"price":"0.6072","quantity":"20.107896","side":"buy"},{"type":"trade","symbol":"GRTUSD","event_id":45463624303,"timestamp":1624492471469,"price":"0.6055","quantity":"1492.153039","side":"buy"},{"type":"trade","symbol":"GRTUSD","event_id":45463462291,"timestamp":1624492316342,"price":"0.6082","quantity":"93.275523","side":"buy"},{"type":"trade","symbol":"GRTUSD","event_id":45463368739,"timestamp":1624492253999,"price":"0.6093","quantity":"168.994266","side":"buy"},{"type":"trade","symbol":"GRTUSD","event_id":45463335179,"timestamp":1624492243879,"price":"0.606","quantity":"2000","side":"buy"},{"type":"trade","symbol":"GRTUSD","event_id":45463328175,"timestamp":1624492242348,"price":"0.6053","quantity":"0.639618","side":"buy"},{"type":"trade","symbol":"GRTUSD","event_id":45463302793,"timestamp":1624492227392,"price":"0.605","quantity":"323.923051","side":"buy"},{"type":"trade","symbol":"GRTUSD","event_id":45463240239,"timestamp":1624492172064,"price":"0.6046","quantity":"1.012146","side":"buy"},{"type":"trade","symbol":"GRTUSD","event_id":45463194178,"timestamp":1624492146691,"price":"0.604","quantity":"1648.9","side":"buy"},{"type":"trade","symbol":"GRTUSD","event_id":45463176586,"timestamp":1624492133754,"price":"0.604","quantity":"0.1","side":"buy"},{"type":"trade","symbol":"GRTUSD","event_id":45463030637,"timestamp":1624492020920,"price":"0.6019","quantity":"30.509312","side":"buy"},{"type":"trade","symbol":"GRTUSD","event_id":45462795403,"timestamp":1624491826815,"price":"0.6001","quantity":"0.106148","side":"buy"},{"type":"trade","symbol":"GRTUSD","event_id":45462781559,"timestamp":1624491813778,"price":"0.6017","quantity":"1983.05599919","side":"buy"},{"type":"trade","symbol":"GRTUSD","event_id":45462781557,"timestamp":1624491813778,"price":"0.6007","quantity":"1228.244823","side":"buy"},{"type":"trade","symbol":"GRTUSD","event_id":45462641000,"timestamp":1624491717538,"price":"0.6011","quantity":"1126.625208","side":"sell"},{"type":"trade","symbol":"GRTUSD","event_id":45462472016,"timestamp":1624491613663,"price":"0.6006","quantity":"160.692396","side":"buy"},{"type":"trade","symbol":"GRTUSD","event_id":45462459622,"timestamp":1624491606934,"price":"0.6021","quantity":"1275.893497","side":"sell"},{"type":"trade","symbol":"GRTUSD","event_id":45462412287,"timestamp":1624491575056,"price":"0.6038","quantity":"127.100181","side":"buy"},{"type":"trade","symbol":"GRTUSD","event_id":45462409598,"timestamp":1624491573798,"price":"0.6014","quantity":"1374.943899","side":"buy"},{"type":"trade","symbol":"GRTUSD","event_id":45462409381,"timestamp":1624491573659,"price":"0.6012","quantity":"0.644018","side":"buy"},{"type":"trade","symbol":"GRTUSD","event_id":45462358941,"timestamp":1624491537771,"price":"0.5987","quantity":"1.012132","side":"buy"},{"type":"trade","symbol":"GRTUSD","event_id":45462353387,"timestamp":1624491536031,"price":"0.5977","quantity":"1386.874662","side":"buy"}],"auction_events":[]}
1624493666.711471: {"type":"l2_updates","symbol":"LTCETH","changes":[["buy","0.0655","7.77054"],["buy","0.0654","15.54107"],["buy","0.0653","181.85422"],["buy","0.0652","38.85266"],["buy","0.0649","360.05034"],["buy","0.0647","99.26402"],["buy","0.0641","356.63147"],["buy","0.0639","112.01936"],["buy","0.0638","224.76415"],["buy","0.0637","109.96627"],["buy","0.0538","3"],["buy","0.0522","3"],["buy","0.0505","3"],["buy","0.0489","3"],["buy","0.0456","3"],["buy","0.0424","3"],["buy","0.0391","3"],["buy","0.0359","3"],["buy","0.0326","3"],["buy","0.0293","3"],["buy","0.0261","3"],["buy","0.0228","3"],["buy","0.0196","3"],["buy","0.0163","3"],["buy","0.013","3"],["buy","0.0111","10"],["buy","0.0098","3"],["buy","0.0065","3"],["buy","0.0033","3"],["buy","0.0001","2899"],["sell","0.0658","7.74742"],["sell","0.0659","15.49484"],["sell","0.066","106.83627"],["sell","0.0661","145.15788"],["sell","0.0663","82.96018"],["sell","0.0665","36.62699"],["sell","0.0667","277.79867"],["sell","0.067","43.86367"],["sell","0.07","0.5"],["sell","0.072","0.576"],["sell","0.0738","0.70599"],["sell","0.08","9.0909"],["sell","0.0801","4"],["sell","0.0876","0.5"],["sell","0.0898","1"],["sell","0.0935","0.34277"],["sell","0.0942","0.3402"],["sell","0.0949","0.33767"],["sell","0.095","5"],["sell","0.0955","0.33553"],["sell","0.0962","0.33307"],["sell","0.0969","0.33065"],["sell","0.0976","0.32826"],["sell","0.0983","0.3259"],["sell","0.0991","1.32358"],["sell","0.0998","0.32129"],["sell","0.1","11.5"],["sell","0.1005","0.31903"],["sell","0.1012","0.3168"],["sell","0.1019","0.3146"],["sell","0.102","0.01"],["sell","0.1026","0.31244"],["sell","0.1034","0.31"],["sell","0.1041","0.3079"],["sell","0.1048","0.30582"],["sell","0.1063","0.30147"],["sell","0.107","1"],["sell","0.1071","0.2992"],["sell","0.1078","0.29724"],["sell","0.1086","0.29503"],["sell","0.1094","0.29286"],["sell","0.11","0.02"],["sell","0.1102","0.29098"],["sell","0.111","0.28886"],["sell","0.1118","0.28678"],["sell","0.1123","13.84005"],["sell","0.1126","0.28472"],["sell","0.1134","0.2827"],["sell","0.1142","0.2807"],["sell","0.115","0.27873"],["sell","0.1158","0.27679"],["sell","0.1167","0.27463"],["sell","0.1175","0.27275"],["sell","0.1183","0.27089"],["sell","0.1192","0.26882"],["sell","0.12","21.26702"],["sell","0.1204","0.02"],["sell","0.1209","0.26501"],["sell","0.1218","0.26326"],["sell","0.1227","0.26131"],["sell","0.1233","0.01"],["sell","0.1235","0.2796"],["sell","0.1244","0.2577"],["sell","0.1253","0.25584"],["sell","0.1262","0.254"],["sell","0.1271","0.25218"],["sell","0.128","0.25039"],["sell","0.1289","0.24863"],["sell","0.129","1.02"],["sell","0.1298","0.24689"],["sell","0.1307","0.24518"],["sell","0.1317","0.2433"],["sell","0.1326","0.24182"],["sell","0.1333","0.01"],["sell","0.1334","0.24035"],["sell","0.135","0.23748"],["sell","0.1358","0.23607"],["sell","0.1366","0.23467"],["sell","0.1379","0.02"],["sell","0.1382","0.01"],["sell","0.14","1"],["sell","0.1425","0.03"],["sell","0.1427","0.01"],["sell","0.1475","0.01"],["sell","0.1476","0.01"],["sell","0.1483","0.01"],["sell","0.15","0.01"],["sell","0.1504","0.01"],["sell","0.1555","0.1"],["sell","0.1559","0.01"],["sell","0.1572","0.01"],["sell","0.1586","0.01"],["sell","0.1608","0.01"],["sell","0.1619","0.01"],["sell","0.164","0.01"],["sell","0.1656","32"],["sell","0.1673","3.4"],["sell","0.1697","0.02"],["sell","0.1713","0.02"],["sell","0.1762","0.01"],["sell","0.1777","0.1"],["sell","0.18","1"],["sell","0.1804","0.01"],["sell","0.1967","0.02"],["sell","0.1979","26"],["sell","0.1999","0.1"],["sell","0.2039","2.52747"],["sell","0.2111","0.1"],["sell","0.2333","0.05231"],["sell","0.2444","0.05"],["sell","0.2555","0.05"],["sell","0.2666","0.05"],["sell","0.2777","0.05"],["sell","0.2888","0.05"],["sell","0.2999","0.07"],["sell","0.3111","0.05"],["sell","0.3222","0.05"],["sell","0.3223","2.61467"],["sell","0.3272","3"],["sell","0.3333","0.05"],["sell","0.3999","0.02"],["sell","0.444","403.1"],["sell","0.4999","0.02"],["sell","0.5555","0.07565"],["sell","0.5999","0.01"],["sell","0.6","0.1"],["sell","0.6666","0.07"],["sell","0.6999","0.01"],["sell","0.7","0.1"],["sell","0.777","0.02"],["sell","0.7777","0.05"],["sell","0.7999","0.01"],["sell","0.8888","0.07"],["sell","0.8999","0.01"],["sell","0.9999","0.08"],["sell","1.1111","0.07"],["sell","1.2222","0.07"],["sell","1.3333","0.07"],["sell","1.337","0.1"],["sell","1.4444","0.07"],["sell","1.5555","0.07"],["sell","1.6666","0.05"],["sell","1.777","0.05"],["sell","1.8888","0.05"],["sell","1.9999","0.06"],["sell","2","1.1"],["sell","2.1111","0.05"],["sell","2.22","0.01"],["sell","2.2222","0.05"],["sell","2.9999","0.01"],["sell","3.33","0.06"],["sell","4.444","0.06"],["sell","5.5555","0.01"],["sell","6.777","0.01"],["sell","7.77","0.06"],["sell","8.777","0.01"],["sell","9.777","0.05"],["sell","10.777","0.01"],["sell","11.777","0.01"],["sell","9990","0.099"],["sell","99900","0.099"]],"trades":[{"type":"trade","symbol":"LTCETH","event_id":45455929968,"timestamp":1624486208562,"price":"0.0652","quantity":"0.16952","side":"buy"},{"type":"trade","symbol":"LTCETH","event_id":45448417925,"timestamp":1624480671189,"price":"0.065","quantity":"3.81335","side":"sell"},{"type":"trade","symbol":"LTCETH","event_id":45444880329,"timestamp":1624478776666,"price":"0.0651","quantity":"0.61444","side":"sell"},{"type":"trade","symbol":"LTCETH","event_id":45442645777,"timestamp":1624477611921,"price":"0.0641","quantity":"0.02707","side":"sell"},{"type":"trade","symbol":"LTCETH","event_id":45439232736,"timestamp":1624475423572,"price":"0.0644","quantity":"0.6","side":"sell"},{"type":"trade","symbol":"LTCETH","event_id":45435664719,"timestamp":1624473237492,"price":"0.0646","quantity":"0.56307","side":"buy"},{"type":"trade","symbol":"LTCETH","event_id":45434361550,"timestamp":1624472388414,"price":"0.0643","quantity":"0.25661","side":"sell"},{"type":"trade","symbol":"LTCETH","event_id":45432472013,"timestamp":1624471402672,"price":"0.0643","quantity":"0.8548","side":"sell"},{"type":"trade","symbol":"LTCETH","event_id":45428989040,"timestamp":1624469055870,"price":"0.0643","quantity":"0.85488","side":"sell"},{"type":"trade","symbol":"LTCETH","event_id":45417302938,"timestamp":1624462747249,"price":"0.0647","quantity":"0.17404","side":"sell"},{"type":"trade","symbol":"LTCETH","event_id":45414853313,"timestamp":1624461490394,"price":"0.065","quantity":"0.01003","side":"buy"},{"type":"trade","symbol":"LTCETH","event_id":45292324264,"timestamp":1624396172468,"price":"0.0634","quantity":"41.12057","side":"buy"},{"type":"trade","symbol":"LTCETH","event_id":45292324389,"timestamp":1624396172590,"price":"0.0634","quantity":"41.12057","side":"buy"},{"type":"trade","symbol":"LTCETH","event_id":45292324395,"timestamp":1624396172596,"price":"0.0634","quantity":"8.22438","side":"buy"},{"type":"trade","symbol":"LTCETH","event_id":45292324501,"timestamp":1624396172713,"price":"0.0634","quantity":"41.11916","side":"buy"},{"type":"trade","symbol":"LTCETH","event_id":45292324537,"timestamp":1624396172815,"price":"0.0634","quantity":"41.11916","side":"buy"},{"type":"trade","symbol":"LTCETH","event_id":45292324622,"timestamp":1624396172916,"price":"0.0634","quantity":"8.22438","side":"buy"},{"type":"trade","symbol":"LTCETH","event_id":45292324631,"timestamp":1624396172921,"price":"0.0634","quantity":"41.11916","side":"buy"},{"type":"trade","symbol":"LTCETH","event_id":45292324687,"timestamp":1624396173021,"price":"0.0634","quantity":"41.11651","side":"buy"},{"type":"trade","symbol":"LTCETH","event_id":45292324815,"timestamp":1624396173165,"price":"0.0634","quantity":"41.11705","side":"buy"},{"type":"trade","symbol":"LTCETH","event_id":45292324987,"timestamp":1624396173280,"price":"0.0634","quantity":"41.11705","side":"buy"},{"type":"trade","symbol":"LTCETH","event_id":45292325172,"timestamp":1624396173415,"price":"0.0634","quantity":"41.11705","side":"buy"},{"type":"trade","symbol":"LTCETH","event_id":45292325303,"timestamp":1624396173525,"price":"0.0634","quantity":"41.11705","side":"buy"},{"type":"trade","symbol":"LTCETH","event_id":45292325535,"timestamp":1624396173621,"price":"0.0634","quantity":"41.11568","side":"buy"},{"type":"trade","symbol":"LTCETH","event_id":45292326409,"timestamp":1624396173749,"price":"0.0634","quantity":"41.10277","side":"buy"},{"type":"trade","symbol":"LTCETH","event_id":45292327073,"timestamp":1624396173859,"price":"0.0634","quantity":"41.0924","side":"buy"},{"type":"trade","symbol":"LTCETH","event_id":45292327600,"timestamp":1624396174011,"price":"0.0634","quantity":"8.22342","side":"buy"},{"type":"trade","symbol":"LTCETH","event_id":45292328130,"timestamp":1624396174047,"price":"0.0634","quantity":"41.08756","side":"buy"},{"type":"trade","symbol":"LTCETH","event_id":45292329157,"timestamp":1624396174216,"price":"0.0634","quantity":"41.0822","side":"buy"},{"type":"trade","symbol":"LTCETH","event_id":45292329677,"timestamp":1624396174333,"price":"0.0634","quantity":"41.0809","side":"buy"},{"type":"trade","symbol":"LTCETH","event_id":45292330002,"timestamp":1624396174392,"price":"0.0634","quantity":"8.21619","side":"buy"},{"type":"trade","symbol":"LTCETH","event_id":45292330154,"timestamp":1624396174439,"price":"0.0634","quantity":"41.0809","side":"buy"},{"type":"trade","symbol":"LTCETH","event_id":45292330640,"timestamp":1624396174567,"price":"0.0634","quantity":"41.07836","side":"buy"},{"type":"trade","symbol":"LTCETH","event_id":45292331017,"timestamp":1624396174676,"price":"0.0634","quantity":"41.07706","side":"buy"},{"type":"trade","symbol":"LTCETH","event_id":45292331082,"timestamp":1624396174701,"price":"0.0634","quantity":"8.21619","side":"buy"},{"type":"trade","symbol":"LTCETH","event_id":45292331221,"timestamp":1624396174814,"price":"0.0634","quantity":"41.07706","side":"buy"},{"type":"trade","symbol":"LTCETH","event_id":45292331354,"timestamp":1624396174915,"price":"0.0634","quantity":"41.07706","side":"buy"},{"type":"trade","symbol":"LTCETH","event_id":45292331499,"timestamp":1624396174992,"price":"0.0634","quantity":"8.21619","side":"buy"},{"type":"trade","symbol":"LTCETH","event_id":45292331648,"timestamp":1624396175026,"price":"0.0634","quantity":"41.07862","side":"buy"},{"type":"trade","symbol":"LTCETH","event_id":45292331936,"timestamp":1624396175150,"price":"0.0634","quantity":"41.07849","side":"buy"},{"type":"trade","symbol":"LTCETH","event_id":45292332095,"timestamp":1624396175251,"price":"0.0634","quantity":"41.07708","side":"buy"},{"type":"trade","symbol":"LTCETH","event_id":45292332139,"timestamp":1624396175295,"price":"0.0634","quantity":"8.21619","side":"buy"},{"type":"trade","symbol":"LTCETH","event_id":45292332211,"timestamp":1624396175384,"price":"0.0634","quantity":"41.07708","side":"buy"},{"type":"trade","symbol":"LTCETH","event_id":45292332361,"timestamp":1624396175518,"price":"0.0634","quantity":"41.07708","side":"buy"},{"type":"trade","symbol":"LTCETH","event_id":45292332531,"timestamp":1624396175612,"price":"0.0634","quantity":"18.47381","side":"buy"},{"type":"trade","symbol":"LTCETH","event_id":45296413410,"timestamp":1624399371746,"price":"0.0639","quantity":"0.4","side":"buy"},{"type":"trade","symbol":"LTCETH","event_id":45298556949,"timestamp":1624400753874,"price":"0.0639","quantity":"0.50642","side":"sell"},{"type":"trade","symbol":"LTCETH","event_id":45307018377,"timestamp":1624405098049,"price":"0.0634","quantity":"0.74772","side":"sell"},{"type":"trade","symbol":"LTCETH","event_id":45316741965,"timestamp":1624408798870,"price":"0.0637","quantity":"0.05","side":"sell"},{"type":"trade","symbol":"LTCETH","event_id":45320859514,"timestamp":1624409963475,"price":"0.0638","quantity":"8.11777","side":"sell"}],"auction_events":[]}
1624493666.7124102: {"type":"l2_updates","symbol":"ETHEUR","changes":[["buy","1648.98","2.537003"],["buy","1648.97","2.537003"],["buy","1648.96","5.074006"],["buy","1648.95","10.148011"],["buy","1644.63","11.908281"],["buy","1640.09","14.959801"],["buy","1629.39","9.953317"],["buy","1623.28","4.038966"],["buy","1600.37","1.301"],["buy","1525.00","15"],["buy","1500.00","0.083099"],["buy","1490.00","0.133624"],["buy","1471.00","0.006023"],["buy","1450.00","0.017241"],["buy","1440.00","0.2"],["buy","1400.00","0.382614"],["buy","1375.00","0.58"],["buy","1300.00","0.076923"],["buy","1233.00","0.157"],["buy","1207.60","0.064"],["buy","1200.00","0.416666"],["buy","1111.00","0.737623"],["buy","1025.00","0.024292"],["buy","1015.00","2.463054"],["buy","1000.00","104"],["buy","970.00","2.577319"],["buy","950.70","1.051856"],["buy","950.00","3.4"],["buy","800.00","0.491"],["buy","2.59","0.6"],["buy","0.01","1249"],["sell","1656.75","1.263"],["sell","1656.77","2.531554"],["sell","1657.29","2.531146"],["sell","1657.46","5.062292"],["sell","1657.79","10.124583"],["sell","1660.74","13.910639"],["sell","1672.53","16.660662"],["sell","1823.47","0.25"],["sell","1950.00","10"],["sell","2005.82","0.25745"],["sell","2011.92","0.009931"],["sell","2086.00","0.047891"],["sell","2167.17","0.001305"],["sell","2203.00","0.384972"],["sell","2295.00","0.078679"],["sell","2300.00","0.312573"],["sell","2389.00","4.545537"],["sell","2414.00","0.009634"],["sell","2430.00","0.020577"],["sell","2450.00","227.526772"],["sell","2650.00","0.04"],["sell","2970.00","0.03"],["sell","2971.63","0.510202"],["sell","3500.00","0.140572"],["sell","3571.63","1.053323"],["sell","3607.00","0.936097"],["sell","3624.00","1"],["sell","3625.00","1"],["sell","3626.00","1"],["sell","3627.00","1"],["sell","3628.00","1"],["sell","3629.00","1"],["sell","3630.00","1"],["sell","3631.00","1"],["sell","3632.00","1"],["sell","3633.00","1"],["sell","3634.00","1"],["sell","3635.00","1"],["sell","3636.00","1"],["sell","3637.00","1"],["sell","3638.00","1"],["sell","3639.00","1"],["sell","3640.00","1"],["sell","3641.00","1"],["sell","3642.00","1"],["sell","3643.00","1"],["sell","3644.00","1"],["sell","3645.00","1"],["sell","3646.00","1"],["sell","3647.00","1"],["sell","3648.00","1"],["sell","3649.00","1"],["sell","3650.00","1"],["sell","3651.00","1"],["sell","3652.00","1"],["sell","3653.00","1"],["sell","3654.00","1"],["sell","3655.00","1"],["sell","3656.00","1"],["sell","3657.00","1"],["sell","3658.00","1"],["sell","3659.00","1"],["sell","3660.00","1.97211"],["sell","3661.00","1"],["sell","3662.00","1"],["sell","3663.00","1"],["sell","3664.00","1"],["sell","3665.00","1"],["sell","3666.00","1"],["sell","3667.00","1"],["sell","3668.00","1"],["sell","3669.00","1"],["sell","3670.00","1"],["sell","3671.00","1"],["sell","3672.00","1"],["sell","3673.00","1"],["sell","3674.00","1"],["sell","3675.00","1"],["sell","3676.00","1"],["sell","3677.00","1"],["sell","3678.00","1"],["sell","3679.00","1"],["sell","3680.00","1"],["sell","3681.00","1"],["sell","3682.00","1"],["sell","3683.00","1"],["sell","3684.00","1"],["sell","3685.00","1"],["sell","3686.00","1"],["sell","3687.00","1"],["sell","3688.00","1"],["sell","3689.00","1"],["sell","3690.00","1"],["sell","3691.00","1"],["sell","3692.00","1"],["sell","3693.00","1"],["sell","3694.00","1"],["sell","3695.00","1"],["sell","3696.00","1"],["sell","3697.00","1"],["sell","3698.00","1"],["sell","3699.00","1"],["sell","3700.00","1"],["sell","3701.00","1"],["sell","3702.00","1"],["sell","3703.00","1"],["sell","3704.00","1"],["sell","3705.00","1"],["sell","3706.00","1"],["sell","3707.00","1"],["sell","3708.00","1"],["sell","3709.00","1"],["sell","3710.00","1"],["sell","3711.00","1"],["sell","3712.00","1"],["sell","3713.00","1"],["sell","3714.00","1"],["sell","3715.00","1"],["sell","3716.00","1"],["sell","3717.00","1"],["sell","3718.00","1"],["sell","3719.00","1"],["sell","3720.00","1"],["sell","3721.00","1"],["sell","3722.00","1"],["sell","3723.00","1"],["sell","3724.00","1"],["sell","3725.00","1"],["sell","3726.00","1"],["sell","3727.00","1"],["sell","3728.00","1"],["sell","3729.00","1"],["sell","3730.00","1"],["sell","3731.00","1"],["sell","3732.00","1"],["sell","3733.00","1"],["sell","3734.00","1"],["sell","3735.00","1"],["sell","3736.00","1"],["sell","3737.00","1"],["sell","3738.00","1"],["sell","3739.00","1"],["sell","3740.00","1"],["sell","3741.00","1"],["sell","3742.00","1"],["sell","3743.00","1"],["sell","3744.00","1"],["sell","3745.00","1"],["sell","3746.00","1"],["sell","3747.00","1"],["sell","3748.00","1"],["sell","3749.00","1"],["sell","3750.00","1"],["sell","3751.00","1"],["sell","3752.00","1"],["sell","3753.00","1"],["sell","3754.00","1"],["sell","3755.00","1"],["sell","3756.00","1"],["sell","3757.00","1"],["sell","3758.00","1"],["sell","3759.00","1"],["sell","3760.00","1"],["sell","3761.00","1"],["sell","3762.00","1"],["sell","3763.00","1"],["sell","3764.00","1"],["sell","3765.00","1"],["sell","3766.00","1"],["sell","3767.00","1"],["sell","3768.00","1"],["sell","3769.00","1"],["sell","3770.00","1"],["sell","3771.00","1"],["sell","3772.00","1"],["sell","3773.00","1"],["sell","3774.00","1"],["sell","3775.00","1"],["sell","3776.00","1"],["sell","3777.00","1.001"],["sell","3778.00","1"],["sell","3779.00","1"],["sell","3780.00","1"],["sell","3781.00","1"],["sell","3782.00","1"],["sell","3783.00","1"],["sell","3784.00","1"],["sell","3785.00","1"],["sell","3786.00","1"],["sell","3787.00","1"],["sell","3788.00","1"],["sell","3789.00","1"],["sell","3790.00","1"],["sell","3791.00","1"],["sell","3792.00","1"],["sell","3793.00","1"],["sell","3794.00","1"],["sell","3795.00","1"],["sell","3796.00","1"],["sell","3797.00","1"],["sell","3798.00","1"],["sell","3799.00","1"],["sell","3800.00","1.168761"],["sell","3801.00","1"],["sell","4273.13","0.001"],["sell","4444.00","0.001"],["sell","4454.34","1"],["sell","4777.00","0.001"],["sell","4844.09","0.003"],["sell","4999.00","0.001"],["sell","5000.00","0.1"],["sell","5005.20","0.1"],["sell","5157.92","0.0013"],["sell","5213.05","0.0012"],["sell","5555.00","0.001"],["sell","5999.00","0.001"],["sell","6000.00","1"],["sell","6222.00","0.001"],["sell","6666.00","0.001"],["sell","6999.00","0.001"],["sell","7000.00","1"],["sell","7222.00","0.001"],["sell","7500.00","9"],["sell","7777.00","0.001"],["sell","7999.00","0.001"],["sell","8000.00","1"],["sell","8333.00","0.001"],["sell","8803.68","1"],["sell","8888.00","0.001"],["sell","8971.63","3.031212"],["sell","9000.00","1"],["sell","9222.00","0.001"],["sell","9777.00","0.001"],["sell","9999.00","0.001"],["sell","10000.00","1.3"],["sell","10777.00","0.001"],["sell","11000.00","1"],["sell","11111.00","0.001"],["sell","11777.00","0.001"],["sell","12000.00","1"],["sell","12003.68","1.04"],["sell","13000.00","1"],["sell","14000.00","1"],["sell","998889.00","0.1"]],"trades":[{"type":"trade","symbol":"ETHEUR","event_id":45463993949,"timestamp":1624492802863,"price":"1648.19","quantity":"0.05","side":"sell"},{"type":"trade","symbol":"ETHEUR","event_id":45462063037,"timestamp":1624491313277,"price":"1646.14","quantity":"0.114717","side":"buy"},{"type":"trade","symbol":"ETHEUR","event_id":45462025362,"timestamp":1624491290329,"price":"1648.16","quantity":"0.113795","side":"buy"},{"type":"trade","symbol":"ETHEUR","event_id":45461958262,"timestamp":1624491258447,"price":"1645.65","quantity":"0.056667","side":"buy"},{"type":"trade","symbol":"ETHEUR","event_id":45461284310,"timestamp":1624490773708,"price":"1640.06","quantity":"0.091856","side":"buy"},{"type":"trade","symbol":"ETHEUR","event_id":45461183357,"timestamp":1624490696455,"price":"1640.34","quantity":"0.09185","side":"buy"},{"type":"trade","symbol":"ETHEUR","event_id":45460096771,"timestamp":1624489810228,"price":"1634.35","quantity":"0.014307","side":"buy"},{"type":"trade","symbol":"ETHEUR","event_id":45459695223,"timestamp":1624489435532,"price":"1634.33","quantity":"0.010532","side":"buy"},{"type":"trade","symbol":"ETHEUR","event_id":45457990354,"timestamp":1624487726113,"price":"1631.00","quantity":"0.000262","side":"sell"},{"type":"trade","symbol":"ETHEUR","event_id":45457990170,"timestamp":1624487726080,"price":"1631.00","quantity":"0.012","side":"sell"},{"type":"trade","symbol":"ETHEUR","event_id":45457593503,"timestamp":1624487397361,"price":"1633.64","quantity":"0.480006","side":"buy"},{"type":"trade","symbol":"ETHEUR","event_id":45456903060,"timestamp":1624486828043,"price":"1632.55","quantity":"0.029255","side":"buy"},{"type":"trade","symbol":"ETHEUR","event_id":45456807455,"timestamp":1624486776956,"price":"1627.66","quantity":"0.031764","side":"sell"},{"type":"trade","symbol":"ETHEUR","event_id":45452192989,"timestamp":1624483232525,"price":"1637.81","quantity":"0.178221","side":"sell"},{"type":"trade","symbol":"ETHEUR","event_id":45451600288,"timestamp":1624482795170,"price":"1628.07","quantity":"0.45154","side":"buy"},{"type":"trade","symbol":"ETHEUR","event_id":45451103638,"timestamp":1624482392878,"price":"1627.33","quantity":"0.028279","side":"buy"},{"type":"trade","symbol":"ETHEUR","event_id":45451086278,"timestamp":1624482364716,"price":"1627.86","quantity":"0.541965","side":"buy"},{"type":"trade","symbol":"ETHEUR","event_id":45451066053,"timestamp":1624482339404,"price":"1627.57","quantity":"0.602459","side":"buy"},{"type":"trade","symbol":"ETHEUR","event_id":45450991736,"timestamp":1624482292396,"price":"1627.54","quantity":"0.054808","side":"buy"},{"type":"trade","symbol":"ETHEUR","event_id":45450862789,"timestamp":1624482218963,"price":"1626.35","quantity":"0.232249","side":"buy"},{"type":"trade","symbol":"ETHEUR","event_id":45450814454,"timestamp":1624482190720,"price":"1624.02","quantity":"0.20389","side":"buy"},{"type":"trade","symbol":"ETHEUR","event_id":45450323619,"timestamp":1624481916922,"price":"1618.90","quantity":"0.99971","side":"buy"},{"type":"trade","symbol":"ETHEUR","event_id":45449803018,"timestamp":1624481623620,"price":"1615.75","quantity":"0.338063","side":"sell"},{"type":"trade","symbol":"ETHEUR","event_id":45448755245,"timestamp":1624480892803,"price":"1629.30","quantity":"0.013848","side":"buy"},{"type":"trade","symbol":"ETHEUR","event_id":45446895188,"timestamp":1624479810163,"price":"1616.10","quantity":"0.087103","side":"buy"},{"type":"trade","symbol":"ETHEUR","event_id":45445160568,"timestamp":1624478876493,"price":"1614.05","quantity":"0.045785","side":"buy"},{"type":"trade","symbol":"ETHEUR","event_id":45444785221,"timestamp":1624478732550,"price":"1601.00","quantity":"0.06246","side":"sell"},{"type":"trade","symbol":"ETHEUR","event_id":45444060129,"timestamp":1624478411972,"price":"1613.77","quantity":"0.003095","side":"sell"},{"type":"trade","symbol":"ETHEUR","event_id":45442351466,"timestamp":1624477425932,"price":"1637.85","quantity":"0.190596","side":"buy"},{"type":"trade","symbol":"ETHEUR","event_id":45442315784,"timestamp":1624477396130,"price":"1637.85","quantity":"0.202151","side":"buy"},{"type":"trade","symbol":"ETHEUR","event_id":45442286707,"timestamp":1624477371493,"price":"1637.85","quantity":"0.086121","side":"buy"},{"type":"trade","symbol":"ETHEUR","event_id":45437172948,"timestamp":1624474240431,"price":"1627.58","quantity":"0.316362","side":"sell"},{"type":"trade","symbol":"ETHEUR","event_id":45432846740,"timestamp":1624471618181,"price":"1642.72","quantity":"0.0548","side":"sell"},{"type":"trade","symbol":"ETHEUR","event_id":45431322691,"timestamp":1624470650792,"price":"1653.19","quantity":"0.42","side":"sell"},{"type":"trade","symbol":"ETHEUR","event_id":45430865992,"timestamp":1624470381441,"price":"1661.56","quantity":"0.001745","side":"sell"},{"type":"trade","symbol":"ETHEUR","event_id":45428234998,"timestamp":1624468521210,"price":"1671.45","quantity":"0.001","side":"buy"},{"type":"trade","symbol":"ETHEUR","event_id":45424696649,"timestamp":1624466402330,"price":"1668.02","quantity":"0.011035","side":"buy"},{"type":"trade","symbol":"ETHEUR","event_id":45420958350,"timestamp":1624464385387,"price":"1659.10","quantity":"0.017473","side":"buy"},{"type":"trade","symbol":"ETHEUR","event_id":45420958043,"timestamp":1624464385274,"price":"1659.10","quantity":"2.520527","side":"buy"},{"type":"trade","symbol":"ETHEUR","event_id":45420810965,"timestamp":1624464333567,"price":"1644.84","quantity":"2.548512","side":"buy"},{"type":"trade","symbol":"ETHEUR","event_id":45418788836,"timestamp":1624463481421,"price":"1650.50","quantity":"0.11","side":"sell"},{"type":"trade","symbol":"ETHEUR","event_id":45416906001,"timestamp":1624462541601,"price":"1662.61","quantity":"0.011676","side":"buy"},{"type":"trade","symbol":"ETHEUR","event_id":45365522780,"timestamp":1624433165601,"price":"1681.96","quantity":"0.14827174","side":"buy"},{"type":"trade","symbol":"ETHEUR","event_id":45365805979,"timestamp":1624433392924,"price":"1685.08","quantity":"2.49034","side":"buy"},{"type":"trade","symbol":"ETHEUR","event_id":45365805981,"timestamp":1624433392924,"price":"1685.21","quantity":"1.243","side":"buy"},{"type":"trade","symbol":"ETHEUR","event_id":45365805983,"timestamp":1624433392924,"price":"1685.25","quantity":"4.98068","side":"buy"},{"type":"trade","symbol":"ETHEUR","event_id":45365805985,"timestamp":1624433392924,"price":"1685.27","quantity":"2.489814","side":"buy"},{"type":"trade","symbol":"ETHEUR","event_id":45365805987,"timestamp":1624433392924,"price":"1685.36","quantity":"0.428068","side":"buy"},{"type":"trade","symbol":"ETHEUR","event_id":45367240362,"timestamp":1624434310083,"price":"1695.74","quantity":"0.001","side":"buy"},{"type":"trade","symbol":"ETHEUR","event_id":45370566291,"timestamp":1624436007046,"price":"1684.60","quantity":"2.327424","side":"buy"}],"auction_events":[]}
1624493666.713963: {"type":"l2_updates","symbol":"BATBTC","changes":[["buy","0.00001613","65678.127884"],["buy","0.00001606","15210.037232"],["buy","0.00001588","7841.265447"],["buy","0.0000158","1422.511906"],["buy","0.00001572","8722.038636"],["buy","0.00001522","1005.256241"],["buy","0.000015","500"],["buy","0.00001123","10000"],["buy","0.000011","25000"],["buy","0.00000888","1000"],["buy","0.00000809","22"],["buy","0.00000695","28776.978417"],["buy","0.0000069","3000"],["buy","0.0000064","2008.90625"],["buy","0.00000003","229000"],["buy","0.00000001","1800000"],["sell","0.00001758","1431.750532"],["sell","0.0000197","150"],["sell","0.0000245","531.9141"],["sell","0.00002451","10"],["sell","0.000025","1580"],["sell","0.0000271","100.726258"],["sell","0.00002791","12"],["sell","0.0000286","2360.166464"],["sell","0.00002943","6"],["sell","0.00002994","8"],["sell","0.00002995","20"],["sell","0.00003","54.790259"],["sell","0.00003001","4"],["sell","0.00003041","6"],["sell","0.0000305","4"],["sell","0.000031","2"],["sell","0.00003184","1500"],["sell","0.00003206","4"],["sell","0.00003214","3"],["sell","0.0000325","10"],["sell","0.00003275","4"],["sell","0.00003279","4"],["sell","0.00003296","4"],["sell","0.00003299","4"],["sell","0.00003308","3"],["sell","0.00003312","4"],["sell","0.00003365","4"],["sell","0.00003367","4"],["sell","0.000034","153"],["sell","0.00003439","4"],["sell","0.00003484","4"],["sell","0.00003505","3"],["sell","0.00003548","156"],["sell","0.00003595","2.4"],["sell","0.000036","3"],["sell","0.00003604","4"],["sell","0.0000361","3"],["sell","0.00003629","4"],["sell","0.00003631","4"],["sell","0.00003632","5"],["sell","0.00003634","4"],["sell","0.00003637","3"],["sell","0.00003644","8"],["sell","0.00003656","3"],["sell","0.00003663","6"],["sell","0.00003691","4"],["sell","0.0000374","4"],["sell","0.00003991","265"],["sell","0.000041","2"],["sell","0.00004477","165"],["sell","0.00004572","228.825"],["sell","0.00005","306.647478"],["sell","0.000052","250"],["sell","0.00005437","156"],["sell","0.000056","102"],["sell","0.00006673","6.504"],["sell","0.00007","5000"],["sell","0.00007446","156"],["sell","0.00009272","156"],["sell","0.00010383","228.825"],["sell","0.0006837","228.825"],["sell","0.02088","69"],["sell","0.1289","99"],["sell","0.1791","260"],["sell","4.89","6"],["sell","7.84","22"]],"trades":[{"type":"trade","symbol":"BATBTC","event_id":45463611377,"timestamp":1624492451716,"price":"0.00001625","quantity":"12.078393","side":"buy"},{"type":"trade","symbol":"BATBTC","event_id":45452874262,"timestamp":1624483981889,"price":"0.00001631","quantity":"2.189076","side":"sell"},{"type":"trade","symbol":"BATBTC","event_id":45449876361,"timestamp":1624481672977,"price":"0.00001631","quantity":"5.264899","side":"sell"},{"type":"trade","symbol":"BATBTC","event_id":45442388865,"timestamp":1624477445789,"price":"0.00001636","quantity":"4.755826","side":"sell"},{"type":"trade","symbol":"BATBTC","event_id":45416695005,"timestamp":1624462377350,"price":"0.00001522","quantity":"2.091419","side":"sell"},{"type":"trade","symbol":"BATBTC","event_id":44289705488,"timestamp":1623727131654,"price":"0.00001687","quantity":"1.685579","side":"sell"},{"type":"trade","symbol":"BATBTC","event_id":44290856337,"timestamp":1623728036637,"price":"0.00001687","quantity":"12.195756","side":"sell"},{"type":"trade","symbol":"BATBTC","event_id":44292736677,"timestamp":1623729573348,"price":"0.00001836","quantity":"1.259736","side":"buy"},{"type":"trade","symbol":"BATBTC","event_id":44312342957,"timestamp":1623745134605,"price":"0.00001761","quantity":"7.217102","side":"buy"},{"type":"trade","symbol":"BATBTC","event_id":44319539406,"timestamp":1623749604485,"price":"0.00001836","quantity":"3.712993","side":"buy"},{"type":"trade","symbol":"BATBTC","event_id":44335019538,"timestamp":1623760805621,"price":"0.00001725","quantity":"10.165871","side":"buy"},{"type":"trade","symbol":"BATBTC","event_id":44337578233,"timestamp":1623762338113,"price":"0.0000176","quantity":"1.395666","side":"sell"},{"type":"trade","symbol":"BATBTC","event_id":44378879688,"timestamp":1623792839532,"price":"0.00001707","quantity":"2.389965","side":"buy"},{"type":"trade","symbol":"BATBTC","event_id":44388563426,"timestamp":1623801652778,"price":"0.00001695","quantity":"10.17303","side":"sell"},{"type":"trade","symbol":"BATBTC","event_id":44395625049,"timestamp":1623806539276,"price":"0.00001684","quantity":"297.441404","side":"sell"},{"type":"trade","symbol":"BATBTC","event_id":44396259169,"timestamp":1623806870413,"price":"0.00001684","quantity":"473.402473","side":"sell"},{"type":"trade","symbol":"BATBTC","event_id":44406738848,"timestamp":1623815845984,"price":"0.00001744","quantity":"11.433466","side":"buy"},{"type":"trade","symbol":"BATBTC","event_id":44409659099,"timestamp":1623818412327,"price":"0.00001702","quantity":"1.231866","side":"sell"},{"type":"trade","symbol":"BATBTC","event_id":44453769298,"timestamp":1623853845403,"price":"0.00001702","quantity":"90","side":"buy"},{"type":"trade","symbol":"BATBTC","event_id":44455137355,"timestamp":1623855069209,"price":"0.00001732","quantity":"1.869875","side":"sell"},{"type":"trade","symbol":"BATBTC","event_id":44491083041,"timestamp":1623875952109,"price":"0.00001725","quantity":"1.72259","side":"buy"},{"type":"trade","symbol":"BATBTC","event_id":44504312526,"timestamp":1623888220014,"price":"0.00001761","quantity":"8.877394","side":"buy"},{"type":"trade","symbol":"BATBTC","event_id":44504936350,"timestamp":1623888603446,"price":"0.00001722","quantity":"1.78988","side":"sell"},{"type":"trade","symbol":"BATBTC","event_id":44718992545,"timestamp":1624060738122,"price":"0.00001735","quantity":"2.793071","side":"sell"},{"type":"trade","symbol":"BATBTC","event_id":44739494073,"timestamp":1624075760351,"price":"0.00001723","quantity":"1211","side":"buy"},{"type":"trade","symbol":"BATBTC","event_id":44828042440,"timestamp":1624147467829,"price":"0.00001693","quantity":"1.005917","side":"sell"},{"type":"trade","symbol":"BATBTC","event_id":44938037851,"timestamp":1624234050826,"price":"0.0000169","quantity":"2.122721","side":"sell"},{"type":"trade","symbol":"BATBTC","event_id":44976638158,"timestamp":1624257007625,"price":"0.00001684","quantity":"2.082353","side":"sell"},{"type":"trade","symbol":"BATBTC","event_id":45040527641,"timestamp":1624280664652,"price":"0.00001611","quantity":"100","side":"sell"},{"type":"trade","symbol":"BATBTC","event_id":45060884992,"timestamp":1624289603103,"price":"0.00001691","quantity":"3.568778","side":"buy"},{"type":"trade","symbol":"BATBTC","event_id":45083486129,"timestamp":1624299305558,"price":"0.00001691","quantity":"685.224259","side":"buy"},{"type":"trade","symbol":"BATBTC","event_id":45083486205,"timestamp":1624299305582,"price":"0.00001691","quantity":"17.146738","side":"buy"},{"type":"trade","symbol":"BATBTC","event_id":45102346969,"timestamp":1624311201871,"price":"0.0000169","quantity":"1.519515","side":"buy"},{"type":"trade","symbol":"BATBTC","event_id":45119428154,"timestamp":1624319745405,"price":"0.00001575","quantity":"10.337239","side":"buy"},{"type":"trade","symbol":"BATBTC","event_id":45132943520,"timestamp":1624324696823,"price":"0.00001552","quantity":"8.882898","side":"sell"},{"type":"trade","symbol":"BATBTC","event_id":45173226139,"timestamp":1624349147023,"price":"0.00001551","quantity":"200","side":"sell"},{"type":"trade","symbol":"BATBTC","event_id":45184111934,"timestamp":1624354387411,"price":"0.00001585","quantity":"2.101137","side":"buy"},{"type":"trade","symbol":"BATBTC","event_id":45190397139,"timestamp":1624357106589,"price":"0.00001506","quantity":"139.442231","side":"sell"},{"type":"trade","symbol":"BATBTC","event_id":45190871616,"timestamp":1624357339374,"price":"0.00001501","quantity":"300","side":"sell"},{"type":"trade","symbol":"BATBTC","event_id":45229700568,"timestamp":1624370911725,"price":"0.00001482","quantity":"1.036255","side":"sell"},{"type":"trade","symbol":"BATBTC","event_id":45244512973,"timestamp":1624375787628,"price":"0.00001582","quantity":"1.164682","side":"sell"},{"type":"trade","symbol":"BATBTC","event_id":45273644558,"timestamp":1624386986607,"price":"0.000015","quantity":"6048","side":"buy"},{"type":"trade","symbol":"BATBTC","event_id":45288750493,"timestamp":1624394192821,"price":"0.00001515","quantity":"1.022152","side":"sell"},{"type":"trade","symbol":"BATBTC","event_id":45291675131,"timestamp":1624395785405,"price":"0.00001516","quantity":"1.467142","side":"sell"},{"type":"trade","symbol":"BATBTC","event_id":45293601478,"timestamp":1624397580217,"price":"0.00001483","quantity":"2.225015","side":"sell"},{"type":"trade","symbol":"BATBTC","event_id":45293861558,"timestamp":1624397797614,"price":"0.00001482","quantity":"700","side":"sell"},{"type":"trade","symbol":"BATBTC","event_id":45298138608,"timestamp":1624400528400,"price":"0.00001505","quantity":"1.269763","side":"buy"},{"type":"trade","symbol":"BATBTC","event_id":45310814735,"timestamp":1624406757703,"price":"0.00001522","quantity":"1.392612","side":"sell"},{"type":"trade","symbol":"BATBTC","event_id":45321560060,"timestamp":1624410199205,"price":"0.00001477","quantity":"1.396936","side":"buy"},{"type":"trade","symbol":"BATBTC","event_id":45342101125,"timestamp":1624419203436,"price":"0.00001539","quantity":"3.939631","side":"sell"}],"auction_events":[]}
1624493666.728491: {"type":"l2_updates","symbol":"ZECLTC","changes":[["buy","0.858","7.023773"],["buy","0.857","75.699286"],["buy","0.853","16.450222"],["buy","0.852","21.552324"],["buy","0.841","23.958683"],["buy","0.76","434.210526"],["buy","0.75","0.022"],["buy","0.662","0.022"],["buy","0.615","1.707317"],["buy","0.597","0.022"],["buy","0.553","0.022"],["buy","0.504","0.019841"],["buy","0.449","0.022"],["buy","0.388","0.11"],["buy","0.333","0.3003"],["buy","0.25","0.1"],["buy","0.222","0.45045"],["buy","0.213","5.620051"],["buy","0.2","0.1"],["buy","0.111","0.9009"],["buy","0.077","1.298701"],["buy","0.02","5"],["buy","0.01","50"],["buy","0.001","1491.11"],["sell","0.886","7.007149"],["sell","0.887","1.576919"],["sell","0.898","194.236805"],["sell","1.111","0.012612"],["sell","1.156","0.01"],["sell","1.184","0.01"],["sell","1.192","0.01"],["sell","1.204","0.02"],["sell","1.209","0.01"],["sell","1.223","0.01"],["sell","1.232","0.02"],["sell","1.25","3"],["sell","1.35","0.02"],["sell","1.354","0.02"],["sell","1.356","0.01"],["sell","1.361","0.02"],["sell","1.367","0.02"],["sell","1.382","0.01"],["sell","1.383","0.02"],["sell","1.388","0.01"],["sell","1.42","0.01"],["sell","1.435","0.02"],["sell","1.445","0.02"],["sell","1.457","0.02"],["sell","1.5","0.01"],["sell","1.67","50"],["sell","1.777","0.1287"],["sell","1.827","0.02"],["sell","1.881","0.01"],["sell","1.999","0.11"],["sell","2","0.1"],["sell","3","0.01"],["sell","6","0.01"],["sell","10","0.11"],["sell","14","0.1"],["sell","15","0.078285"],["sell","20","0.01"],["sell","99990","0.1"],["sell","999990","0.1"]],"trades":[{"type":"trade","symbol":"ZECLTC","event_id":44129108674,"timestamp":1623615527403,"price":"0.782","quantity":"67.722466","side":"sell"},{"type":"trade","symbol":"ZECLTC","event_id":44129109593,"timestamp":1623615527906,"price":"0.782","quantity":"6.703052","side":"sell"},{"type":"trade","symbol":"ZECLTC","event_id":44129109794,"timestamp":1623615528004,"price":"0.782","quantity":"82.46181","side":"sell"},{"type":"trade","symbol":"ZECLTC","event_id":44129110621,"timestamp":1623615528165,"price":"0.782","quantity":"6.70254","side":"sell"},{"type":"trade","symbol":"ZECLTC","event_id":44129110861,"timestamp":1623615528244,"price":"0.782","quantity":"6.702028","side":"sell"},{"type":"trade","symbol":"ZECLTC","event_id":44129112080,"timestamp":1623615528803,"price":"0.782","quantity":"6.699979","side":"sell"},{"type":"trade","symbol":"ZECLTC","event_id":44129112279,"timestamp":1623615528918,"price":"0.782","quantity":"6.699979","side":"sell"},{"type":"trade","symbol":"ZECLTC","event_id":44129113021,"timestamp":1623615529108,"price":"0.782","quantity":"6.699979","side":"sell"},{"type":"trade","symbol":"ZECLTC","event_id":44129113279,"timestamp":1623615529329,"price":"0.782","quantity":"6.697932","side":"sell"},{"type":"trade","symbol":"ZECLTC","event_id":44129113524,"timestamp":1623615529603,"price":"0.782","quantity":"6.695886","side":"sell"},{"type":"trade","symbol":"ZECLTC","event_id":44129113718,"timestamp":1623615529710,"price":"0.782","quantity":"6.695886","side":"sell"},{"type":"trade","symbol":"ZECLTC","event_id":44129113983,"timestamp":1623615529927,"price":"0.782","quantity":"4.284846","side":"sell"},{"type":"trade","symbol":"ZECLTC","event_id":44129115506,"timestamp":1623615530422,"price":"0.782","quantity":"6.693841","side":"sell"},{"type":"trade","symbol":"ZECLTC","event_id":44129117530,"timestamp":1623615531474,"price":"0.782","quantity":"0.824618","side":"sell"},{"type":"trade","symbol":"ZECLTC","event_id":44129118036,"timestamp":1623615531938,"price":"0.782","quantity":"0.75913","side":"sell"},{"type":"trade","symbol":"ZECLTC","event_id":44129119026,"timestamp":1623615532205,"price":"0.782","quantity":"6.693841","side":"sell"},{"type":"trade","symbol":"ZECLTC","event_id":44129119202,"timestamp":1623615532308,"price":"0.782","quantity":"6.691798","side":"sell"},{"type":"trade","symbol":"ZECLTC","event_id":44129119384,"timestamp":1623615532405,"price":"0.782","quantity":"6.612455","side":"sell"},{"type":"trade","symbol":"ZECLTC","event_id":44129119795,"timestamp":1623615532629,"price":"0.782","quantity":"6.691798","side":"sell"},{"type":"trade","symbol":"ZECLTC","event_id":44129119956,"timestamp":1623615532803,"price":"0.782","quantity":"6.691798","side":"sell"},{"type":"trade","symbol":"ZECLTC","event_id":44129120359,"timestamp":1623615533027,"price":"0.782","quantity":"5.715949","side":"sell"},{"type":"trade","symbol":"ZECLTC","event_id":44129121247,"timestamp":1623615533342,"price":"0.782","quantity":"22.44394","side":"sell"},{"type":"trade","symbol":"ZECLTC","event_id":44129122648,"timestamp":1623615533903,"price":"0.782","quantity":"6.687715","side":"sell"},{"type":"trade","symbol":"ZECLTC","event_id":44129123055,"timestamp":1623615534017,"price":"0.782","quantity":"6.616534","side":"sell"},{"type":"trade","symbol":"ZECLTC","event_id":44129124206,"timestamp":1623615534409,"price":"0.782","quantity":"0.581971","side":"sell"},{"type":"trade","symbol":"ZECLTC","event_id":44129124338,"timestamp":1623615534505,"price":"0.782","quantity":"6.691798","side":"sell"},{"type":"trade","symbol":"ZECLTC","event_id":44129124630,"timestamp":1623615534717,"price":"0.782","quantity":"6.685675","side":"sell"},{"type":"trade","symbol":"ZECLTC","event_id":44129125475,"timestamp":1623615535203,"price":"0.782","quantity":"0.871445","side":"sell"},{"type":"trade","symbol":"ZECLTC","event_id":44129125543,"timestamp":1623615535304,"price":"0.782","quantity":"6.685675","side":"sell"},{"type":"trade","symbol":"ZECLTC","event_id":44129126194,"timestamp":1623615535727,"price":"0.782","quantity":"6.685675","side":"sell"},{"type":"trade","symbol":"ZECLTC","event_id":44129126512,"timestamp":1623615536007,"price":"0.782","quantity":"6.686185","side":"sell"},{"type":"trade","symbol":"ZECLTC","event_id":44129127441,"timestamp":1623615536312,"price":"0.782","quantity":"6.684146","side":"sell"},{"type":"trade","symbol":"ZECLTC","event_id":44129127887,"timestamp":1623615536631,"price":"0.782","quantity":"6.676003","side":"sell"},{"type":"trade","symbol":"ZECLTC","event_id":44129128280,"timestamp":1623615536908,"price":"0.782","quantity":"6.676512","side":"sell"},{"type":"trade","symbol":"ZECLTC","event_id":44129129195,"timestamp":1623615537405,"price":"0.782","quantity":"6.676003","side":"sell"},{"type":"trade","symbol":"ZECLTC","event_id":44129129475,"timestamp":1623615537666,"price":"0.782","quantity":"7.685141","side":"sell"},{"type":"trade","symbol":"ZECLTC","event_id":44129129587,"timestamp":1623615537807,"price":"0.782","quantity":"0.995549","side":"sell"},{"type":"trade","symbol":"ZECLTC","event_id":44129130290,"timestamp":1623615538141,"price":"0.782","quantity":"6.676003","side":"sell"},{"type":"trade","symbol":"ZECLTC","event_id":44129130911,"timestamp":1623615538420,"price":"0.782","quantity":"6.628248","side":"sell"},{"type":"trade","symbol":"ZECLTC","event_id":44129131199,"timestamp":1623615538631,"price":"0.782","quantity":"6.676003","side":"sell"},{"type":"trade","symbol":"ZECLTC","event_id":44129131819,"timestamp":1623615539112,"price":"0.782","quantity":"2.04077","side":"sell"},{"type":"trade","symbol":"ZECLTC","event_id":44233418676,"timestamp":1623686140213,"price":"0.818","quantity":"0.60911503","side":"buy"},{"type":"trade","symbol":"ZECLTC","event_id":44281527479,"timestamp":1623720935033,"price":"0.818","quantity":"0.0609115","side":"buy"},{"type":"trade","symbol":"ZECLTC","event_id":44498286731,"timestamp":1623883290596,"price":"0.832","quantity":"7.231917","side":"buy"},{"type":"trade","symbol":"ZECLTC","event_id":44498397364,"timestamp":1623883385232,"price":"0.83","quantity":"0.378639","side":"sell"},{"type":"trade","symbol":"ZECLTC","event_id":44498409012,"timestamp":1623883394809,"price":"0.831","quantity":"6.85096","side":"sell"},{"type":"trade","symbol":"ZECLTC","event_id":44498409854,"timestamp":1623883395450,"price":"0.831","quantity":"7.213483","side":"buy"},{"type":"trade","symbol":"ZECLTC","event_id":44498409976,"timestamp":1623883395591,"price":"0.831","quantity":"339.400459","side":"buy"},{"type":"trade","symbol":"ZECLTC","event_id":44498413519,"timestamp":1623883398233,"price":"0.831","quantity":"39.26788","side":"buy"},{"type":"trade","symbol":"ZECLTC","event_id":44996234156,"timestamp":1624264385035,"price":"0.8","quantity":"0.168381","side":"sell"}],"auction_events":[]}
