wss://api.hitbtc.com/api/2/ws <-> 1618677973.905108
wss://api.hitbtc.com/api/2/ws <- 1618677974.41528: {"method":"subscribeTicker","params":{"symbol":"STORJBTC"},"id":"HITBTC.ws.38"}
wss://api.hitbtc.com/api/2/ws <- 1618677974.415421: {"method":"subscribeTicker","params":{"symbol":"HEDGBTC"},"id":"HITBTC.ws.38"}
wss://api.hitbtc.com/api/2/ws <- 1618677974.415495: {"method":"subscribeTicker","params":{"symbol":"MINBTC"},"id":"HITBTC.ws.38"}
wss://api.hitbtc.com/api/2/ws <- 1618677974.415554: {"method":"subscribeTicker","params":{"symbol":"MANAUSD"},"id":"HITBTC.ws.38"}
wss://api.hitbtc.com/api/2/ws <- 1618677974.4156091: {"method":"subscribeTicker","params":{"symbol":"CELRBTC"},"id":"HITBTC.ws.38"}
wss://api.hitbtc.com/api/2/ws <- 1618677974.4156642: {"method":"subscribeTicker","params":{"symbol":"SUNBTC"},"id":"HITBTC.ws.38"}
wss://api.hitbtc.com/api/2/ws <- 1618677974.415738: {"method":"subscribeTicker","params":{"symbol":"XTZBTC"},"id":"HITBTC.ws.38"}
wss://api.hitbtc.com/api/2/ws <- 1618677974.415772: {"method":"subscribeTicker","params":{"symbol":"ACDBTC"},"id":"HITBTC.ws.38"}
wss://api.hitbtc.com/api/2/ws <- 1618677974.4158049: {"method":"subscribeTicker","params":{"symbol":"BNBETH"},"id":"HITBTC.ws.38"}
wss://api.hitbtc.com/api/2/ws <- 1618677974.4158368: {"method":"subscribeTicker","params":{"symbol":"BANCABTC"},"id":"HITBTC.ws.38"}
wss://api.hitbtc.com/api/2/ws <- 1618677974.415872: {"method":"subscribeTrades","params":{"symbol":"STORJBTC"},"id":"HITBTC.ws.38"}
wss://api.hitbtc.com/api/2/ws <- 1618677974.415905: {"method":"subscribeTrades","params":{"symbol":"HEDGBTC"},"id":"HITBTC.ws.38"}
wss://api.hitbtc.com/api/2/ws <- 1618677974.415936: {"method":"subscribeTrades","params":{"symbol":"MINBTC"},"id":"HITBTC.ws.38"}
wss://api.hitbtc.com/api/2/ws <- 1618677974.415968: {"method":"subscribeTrades","params":{"symbol":"MANAUSD"},"id":"HITBTC.ws.38"}
wss://api.hitbtc.com/api/2/ws <- 1618677974.415999: {"method":"subscribeTrades","params":{"symbol":"CELRBTC"},"id":"HITBTC.ws.38"}
wss://api.hitbtc.com/api/2/ws <- 1618677974.416031: {"method":"subscribeTrades","params":{"symbol":"SUNBTC"},"id":"HITBTC.ws.38"}
wss://api.hitbtc.com/api/2/ws <- 1618677974.416063: {"method":"subscribeTrades","params":{"symbol":"XTZBTC"},"id":"HITBTC.ws.38"}
wss://api.hitbtc.com/api/2/ws <- 1618677974.416095: {"method":"subscribeTrades","params":{"symbol":"ACDBTC"},"id":"HITBTC.ws.38"}
wss://api.hitbtc.com/api/2/ws <- 1618677974.416126: {"method":"subscribeTrades","params":{"symbol":"BNBETH"},"id":"HITBTC.ws.38"}
wss://api.hitbtc.com/api/2/ws <- 1618677974.416157: {"method":"subscribeTrades","params":{"symbol":"BANCABTC"},"id":"HITBTC.ws.38"}
wss://api.hitbtc.com/api/2/ws <- 1618677974.41619: {"method":"subscribeOrderbook","params":{"symbol":"STORJBTC"},"id":"HITBTC.ws.38"}
wss://api.hitbtc.com/api/2/ws <- 1618677974.416223: {"method":"subscribeOrderbook","params":{"symbol":"HEDGBTC"},"id":"HITBTC.ws.38"}
wss://api.hitbtc.com/api/2/ws <- 1618677974.416254: {"method":"subscribeOrderbook","params":{"symbol":"MINBTC"},"id":"HITBTC.ws.38"}
wss://api.hitbtc.com/api/2/ws <- 1618677974.416286: {"method":"subscribeOrderbook","params":{"symbol":"MANAUSD"},"id":"HITBTC.ws.38"}
wss://api.hitbtc.com/api/2/ws <- 1618677974.416318: {"method":"subscribeOrderbook","params":{"symbol":"CELRBTC"},"id":"HITBTC.ws.38"}
wss://api.hitbtc.com/api/2/ws <- 1618677974.41635: {"method":"subscribeOrderbook","params":{"symbol":"SUNBTC"},"id":"HITBTC.ws.38"}
wss://api.hitbtc.com/api/2/ws <- 1618677974.4163818: {"method":"subscribeOrderbook","params":{"symbol":"XTZBTC"},"id":"HITBTC.ws.38"}
wss://api.hitbtc.com/api/2/ws <- 1618677974.4164128: {"method":"subscribeOrderbook","params":{"symbol":"ACDBTC"},"id":"HITBTC.ws.38"}
wss://api.hitbtc.com/api/2/ws <- 1618677974.416445: {"method":"subscribeOrderbook","params":{"symbol":"BNBETH"},"id":"HITBTC.ws.38"}
wss://api.hitbtc.com/api/2/ws <- 1618677974.416476: {"method":"subscribeOrderbook","params":{"symbol":"BANCABTC"},"id":"HITBTC.ws.38"}
1618677974.546994: {"jsonrpc":"2.0","result":true,"id":"HITBTC.ws.38"}
1618677974.5470238: {"jsonrpc":"2.0","result":true,"id":"HITBTC.ws.38"}
1618677974.547035: {"jsonrpc":"2.0","result":true,"id":"HITBTC.ws.38"}
1618677974.547043: {"jsonrpc":"2.0","result":true,"id":"HITBTC.ws.38"}
1618677974.54705: {"jsonrpc":"2.0","result":true,"id":"HITBTC.ws.38"}
1618677974.547057: {"jsonrpc":"2.0","result":true,"id":"HITBTC.ws.38"}
1618677974.547064: {"jsonrpc":"2.0","result":true,"id":"HITBTC.ws.38"}
1618677974.54707: {"jsonrpc":"2.0","result":true,"id":"HITBTC.ws.38"}
1618677974.5470772: {"jsonrpc":"2.0","result":true,"id":"HITBTC.ws.38"}
1618677974.547084: {"jsonrpc":"2.0","result":true,"id":"HITBTC.ws.38"}
1618677974.558648: {"jsonrpc":"2.0","result":true,"id":"HITBTC.ws.38"}
1618677974.558692: {"jsonrpc":"2.0","result":true,"id":"HITBTC.ws.38"}
1618677974.558708: {"jsonrpc":"2.0","result":true,"id":"HITBTC.ws.38"}
1618677974.55872: {"jsonrpc":"2.0","result":true,"id":"HITBTC.ws.38"}
1618677974.558731: {"jsonrpc":"2.0","result":true,"id":"HITBTC.ws.38"}
1618677974.558741: {"jsonrpc":"2.0","result":true,"id":"HITBTC.ws.38"}
1618677974.5587509: {"jsonrpc":"2.0","result":true,"id":"HITBTC.ws.38"}
1618677974.558762: {"jsonrpc":"2.0","result":true,"id":"HITBTC.ws.38"}
1618677974.558772: {"jsonrpc":"2.0","result":true,"id":"HITBTC.ws.38"}
1618677974.5587819: {"jsonrpc":"2.0","result":true,"id":"HITBTC.ws.38"}
1618677974.5587919: {"jsonrpc":"2.0","result":true,"id":"HITBTC.ws.38"}
1618677974.558802: {"jsonrpc":"2.0","result":true,"id":"HITBTC.ws.38"}
1618677974.558814: {"jsonrpc":"2.0","result":true,"id":"HITBTC.ws.38"}
1618677974.5588238: {"jsonrpc":"2.0","result":true,"id":"HITBTC.ws.38"}
1618677974.5588338: {"jsonrpc":"2.0","result":true,"id":"HITBTC.ws.38"}
1618677974.5588439: {"jsonrpc":"2.0","result":true,"id":"HITBTC.ws.38"}
1618677974.5588539: {"jsonrpc":"2.0","result":true,"id":"HITBTC.ws.38"}
1618677974.5588639: {"jsonrpc":"2.0","result":true,"id":"HITBTC.ws.38"}
1618677974.5588741: {"jsonrpc":"2.0","result":true,"id":"HITBTC.ws.38"}
1618677974.5588841: {"jsonrpc":"2.0","result":true,"id":"HITBTC.ws.38"}
1618677974.589034: {"jsonrpc":"2.0","method":"ticker","params":{"ask":"0.000039749","bid":"0.000039644","last":"0.000039666","open":"0.000036924","low":"0.000036727","high":"0.000041000","volume":"1742968.5","volumeQuote":"67.9921697591","timestamp":"2021-04-17T16:46:14.355Z","symbol":"STORJBTC"}}
1618677974.654651: {"jsonrpc":"2.0","method":"snapshotTrades","params":{"data":[{"id":1201216663,"price":"0.000038803","quantity":"89.1","side":"buy","timestamp":"2021-04-17T15:52:34.561Z"},{"id":1201216758,"price":"0.000039029","quantity":"9.4","side":"buy","timestamp":"2021-04-17T15:52:39.320Z"},{"id":1201216947,"price":"0.000038811","quantity":"300.2","side":"sell","timestamp":"2021-04-17T15:52:45.442Z"},{"id":1201217037,"price":"0.000038895","quantity":"184.9","side":"sell","timestamp":"2021-04-17T15:52:50.669Z"},{"id":1201217142,"price":"0.000038977","quantity":"92.0","side":"buy","timestamp":"2021-04-17T15:52:57.209Z"},{"id":1201217192,"price":"0.000038936","quantity":"90.9","side":"buy","timestamp":"2021-04-17T15:53:00.604Z"},{"id":1201219658,"price":"0.000039101","quantity":"4.9","side":"buy","timestamp":"2021-04-17T15:54:46.285Z"},{"id":1201219803,"price":"0.000038867","quantity":"6.7","side":"buy","timestamp":"2021-04-17T15:54:54.254Z"},{"id":1201220118,"price":"0.000039149","quantity":"0.2","side":"sell","timestamp":"2021-04-17T15:55:07.008Z"},{"id":1201220125,"price":"0.000039268","quantity":"0.2","side":"buy","timestamp":"2021-04-17T15:55:07.191Z"},{"id":1201220427,"price":"0.000038277","quantity":"0.2","side":"sell","timestamp":"2021-04-17T15:55:20.708Z"},{"id":1201227915,"price":"0.000039100","quantity":"3.2","side":"buy","timestamp":"2021-04-17T16:00:25.117Z"},{"id":1201228224,"price":"0.000038832","quantity":"0.3","side":"sell","timestamp":"2021-04-17T16:00:33.579Z"},{"id":1201228890,"price":"0.000038599","quantity":"1.6","side":"sell","timestamp":"2021-04-17T16:00:49.313Z"},{"id":1201230665,"price":"0.000039109","quantity":"261.3","side":"buy","timestamp":"2021-04-17T16:01:32.209Z"},{"id":1201230668,"price":"0.000039109","quantity":"276.0","side":"buy","timestamp":"2021-04-17T16:01:32.227Z"},{"id":1201230669,"price":"0.000039110","quantity":"532.1","side":"buy","timestamp":"2021-04-17T16:01:32.227Z"},{"id":1201230670,"price":"0.000039119","quantity":"431.7","side":"buy","timestamp":"2021-04-17T16:01:32.227Z"},{"id":1201230671,"price":"0.000039148","quantity":"684.1","side":"buy","timestamp":"2021-04-17T16:01:32.227Z"},{"id":1201231277,"price":"0.000039099","quantity":"261.1","side":"buy","timestamp":"2021-04-17T16:01:41.091Z"},{"id":1201232688,"price":"0.000038989","quantity":"13.4","side":"sell","timestamp":"2021-04-17T16:02:06.659Z"},{"id":1201233077,"price":"0.000038996","quantity":"16.2","side":"sell","timestamp":"2021-04-17T16:02:16.462Z"},{"id":1201233206,"price":"0.000038998","quantity":"13.6","side":"sell","timestamp":"2021-04-17T16:02:20.397Z"},{"id":1201233854,"price":"0.000038975","quantity":"33.4","side":"buy","timestamp":"2021-04-17T16:02:39.111Z"},{"id":1201233935,"price":"0.000038924","quantity":"1.9","side":"sell","timestamp":"2021-04-17T16:02:41.895Z"},{"id":1201234172,"price":"0.000038784","quantity":"37.2","side":"sell","timestamp":"2021-04-17T16:02:48.278Z"},{"id":1201234738,"price":"0.000038352","quantity":"37.5","side":"buy","timestamp":"2021-04-17T16:02:58.258Z"},{"id":1201235316,"price":"0.000038381","quantity":"11.5","side":"buy","timestamp":"2021-04-17T16:03:08.209Z"},{"id":1201235516,"price":"0.000038618","quantity":"51.2","side":"sell","timestamp":"2021-04-17T16:03:12.656Z"},{"id":1201235909,"price":"0.000038606","quantity":"2.9","side":"sell","timestamp":"2021-04-17T16:03:21.422Z"},{"id":1201236208,"price":"0.000038526","quantity":"101.7","side":"buy","timestamp":"2021-04-17T16:03:28.234Z"},{"id":1201236411,"price":"0.000038536","quantity":"24.6","side":"buy","timestamp":"2021-04-17T16:03:32.643Z"},{"id":1201236633,"price":"0.000038427","quantity":"0.7","side":"sell","timestamp":"2021-04-17T16:03:36.932Z"},{"id":1201237252,"price":"0.000038451","quantity":"214.4","side":"sell","timestamp":"2021-04-17T16:03:46.553Z"},{"id":1201237530,"price":"0.000038441","quantity":"4.8","side":"sell","timestamp":"2021-04-17T16:03:53.985Z"},{"id":1201237727,"price":"0.000038425","quantity":"9.6","side":"buy","timestamp":"2021-04-17T16:04:00.005Z"},{"id":1201237891,"price":"0.000038430","quantity":"145.1","side":"buy","timestamp":"2021-04-17T16:04:04.694Z"},{"id":1201238914,"price":"0.000038395","quantity":"65.4","side":"buy","timestamp":"2021-04-17T16:04:35.392Z"},{"id":1201238936,"price":"0.000038395","quantity":"85.5","side":"buy","timestamp":"2021-04-17T16:04:35.850Z"},{"id":1201238970,"price":"0.000038395","quantity":"42.7","side":"buy","timestamp":"2021-04-17T16:04:36.477Z"},{"id":1201238989,"price":"0.000038395","quantity":"9.4","side":"buy","timestamp":"2021-04-17T16:04:36.893Z"},{"id":1201238990,"price":"0.000038551","quantity":"6.5","side":"buy","timestamp":"2021-04-17T16:04:36.893Z"},{"id":1201238995,"price":"0.000038911","quantity":"26.8","side":"sell","timestamp":"2021-04-17T16:04:36.966Z"},{"id":1201239291,"price":"0.000038653","quantity":"45.7","side":"buy","timestamp":"2021-04-17T16:04:43.804Z"},{"id":1201240017,"price":"0.000038829","quantity":"26.1","side":"buy","timestamp":"2021-04-17T16:05:04.248Z"},{"id":1201240440,"price":"0.000038577","quantity":"122.2","side":"sell","timestamp":"2021-04-17T16:05:14.834Z"},{"id":1201240653,"price":"0.000038477","quantity":"48.9","side":"sell","timestamp":"2021-04-17T16:05:20.502Z"},{"id":1201240887,"price":"0.000038670","quantity":"1.1","side":"sell","timestamp":"2021-04-17T16:05:27.831Z"},{"id":1201241273,"price":"0.000038660","quantity":"31.4","side":"buy","timestamp":"2021-04-17T16:05:37.197Z"},{"id":1201241501,"price":"0.000038652","quantity":"24.4","side":"sell","timestamp":"2021-04-17T16:05:43.127Z"},{"id":1201241811,"price":"0.000038958","quantity":"288.4","side":"buy","timestamp":"2021-04-17T16:05:49.568Z"},{"id":1201241960,"price":"0.000038765","quantity":"0.2","side":"buy","timestamp":"2021-04-17T16:05:54.836Z"},{"id":1201242322,"price":"0.000038508","quantity":"26.1","side":"sell","timestamp":"2021-04-17T16:06:01.869Z"},{"id":1201242450,"price":"0.000038674","quantity":"26.1","side":"sell","timestamp":"2021-04-17T16:06:05.510Z"},{"id":1201242647,"price":"0.000038835","quantity":"23.0","side":"sell","timestamp":"2021-04-17T16:06:11.606Z"},{"id":1201242750,"price":"0.000038451","quantity":"35.2","side":"buy","timestamp":"2021-04-17T16:06:15.075Z"},{"id":1201243000,"price":"0.000038969","quantity":"109.7","side":"buy","timestamp":"2021-04-17T16:06:22.325Z"},{"id":1201243183,"price":"0.000038567","quantity":"279.3","side":"buy","timestamp":"2021-04-17T16:06:26.914Z"},{"id":1201243530,"price":"0.000038385","quantity":"219.6","side":"sell","timestamp":"2021-04-17T16:06:35.020Z"},{"id":1201243755,"price":"0.000038314","quantity":"189.9","side":"sell","timestamp":"2021-04-17T16:06:40.111Z"},{"id":1201244053,"price":"0.000038438","quantity":"1.7","side":"sell","timestamp":"2021-04-17T16:06:48.217Z"},{"id":1201244356,"price":"0.000038484","quantity":"275.0","side":"buy","timestamp":"2021-04-17T16:06:57.417Z"},{"id":1201244606,"price":"0.000038512","quantity":"526.8","side":"sell","timestamp":"2021-04-17T16:07:04.929Z"},{"id":1201245635,"price":"0.000038930","quantity":"245.7","side":"buy","timestamp":"2021-04-17T16:07:31.712Z"},{"id":1201245994,"price":"0.000038405","quantity":"316.8","side":"buy","timestamp":"2021-04-17T16:07:41.828Z"},{"id":1201246252,"price":"0.000038629","quantity":"495.4","side":"sell","timestamp":"2021-04-17T16:07:48.906Z"},{"id":1201246531,"price":"0.000038319","quantity":"26.1","side":"sell","timestamp":"2021-04-17T16:07:54.327Z"},{"id":1201246708,"price":"0.000038329","quantity":"525.2","side":"sell","timestamp":"2021-04-17T16:07:59.415Z"},{"id":1201246869,"price":"0.000039031","quantity":"108.3","side":"sell","timestamp":"2021-04-17T16:08:04.595Z"},{"id":1201247000,"price":"0.000039105","quantity":"6.5","side":"sell","timestamp":"2021-04-17T16:08:09.802Z"},{"id":1201247247,"price":"0.000038614","quantity":"464.5","side":"sell","timestamp":"2021-04-17T16:08:17.864Z"},{"id":1201247394,"price":"0.000038416","quantity":"2734.9","side":"sell","timestamp":"2021-04-17T16:08:22.906Z"},{"id":1201247496,"price":"0.000039036","quantity":"1086.5","side":"buy","timestamp":"2021-04-17T16:08:26.651Z"},{"id":1201247774,"price":"0.000039076","quantity":"35.1","side":"buy","timestamp":"2021-04-17T16:08:36.597Z"},{"id":1201247934,"price":"0.000038855","quantity":"795.1","side":"sell","timestamp":"2021-04-17T16:08:42.455Z"},{"id":1201248165,"price":"0.000038482","quantity":"72.3","side":"sell","timestamp":"2021-04-17T16:08:51.627Z"},{"id":1201248273,"price":"0.000038967","quantity":"331.3","side":"buy","timestamp":"2021-04-17T16:08:56.054Z"},{"id":1201248690,"price":"0.000038460","quantity":"926.2","side":"sell","timestamp":"2021-04-17T16:09:13.738Z"},{"id":1201248965,"price":"0.000038946","quantity":"4420.6","side":"sell","timestamp":"2021-04-17T16:09:23.009Z"},{"id":1201249113,"price":"0.000038555","quantity":"2695.5","side":"sell","timestamp":"2021-04-17T16:09:27.552Z"},{"id":1201249195,"price":"0.000038933","quantity":"366.8","side":"sell","timestamp":"2021-04-17T16:09:31.428Z"},{"id":1201249365,"price":"0.000038693","quantity":"2871.6","side":"sell","timestamp":"2021-04-17T16:09:36.999Z"},{"id":1201249542,"price":"0.000038815","quantity":"4489.7","side":"buy","timestamp":"2021-04-17T16:09:43.046Z"},{"id":1201249804,"price":"0.000038868","quantity":"730.9","side":"buy","timestamp":"2021-04-17T16:09:52.597Z"},{"id":1201250036,"price":"0.000038438","quantity":"1626.8","side":"sell","timestamp":"2021-04-17T16:10:01.150Z"},{"id":1201250224,"price":"0.000038987","quantity":"148.2","side":"buy","timestamp":"2021-04-17T16:10:08.643Z"},{"id":1201250326,"price":"0.000038642","quantity":"6034.3","side":"sell","timestamp":"2021-04-17T16:10:12.203Z"},{"id":1201250552,"price":"0.000039004","quantity":"6157.4","side":"sell","timestamp":"2021-04-17T16:10:20.872Z"},{"id":1201250639,"price":"0.000038761","quantity":"1817.1","side":"buy","timestamp":"2021-04-17T16:10:25.007Z"},{"id":1201250747,"price":"0.000038905","quantity":"2.2","side":"sell","timestamp":"2021-04-17T16:10:28.982Z"},{"id":1201251027,"price":"0.000038999","quantity":"1804.2","side":"buy","timestamp":"2021-04-17T16:10:41.820Z"},{"id":1201251155,"price":"0.000038801","quantity":"4017.7","side":"sell","timestamp":"2021-04-17T16:10:46.748Z"},{"id":1201251878,"price":"0.000038990","quantity":"2929.9","side":"buy","timestamp":"2021-04-17T16:11:17.297Z"},{"id":1201252161,"price":"0.000038563","quantity":"83.7","side":"buy","timestamp":"2021-04-17T16:11:23.260Z"},{"id":1201253069,"price":"0.000038742","quantity":"629.9","side":"buy","timestamp":"2021-04-17T16:11:58.530Z"},{"id":1201253308,"price":"0.000038706","quantity":"978.2","side":"buy","timestamp":"2021-04-17T16:12:07.029Z"},{"id":1201260646,"price":"0.000039428","quantity":"10.7","side":"buy","timestamp":"2021-04-17T16:16:50.575Z"},{"id":1201260647,"price":"0.000039428","quantity":"32.2","side":"buy","timestamp":"2021-04-17T16:16:50.575Z"},{"id":1201265475,"price":"0.000039058","quantity":"0.1","side":"sell","timestamp":"2021-04-17T16:20:28.303Z"},{"id":1201293230,"price":"0.000039666","quantity":"995.0","side":"sell","timestamp":"2021-04-17T16:45:44.064Z"}],"symbol":"STORJBTC"}}
1618677974.65612: {"jsonrpc":"2.0","method":"ticker","params":{"ask":"0.000024694","bid":"0.000023966","last":"0.000026838","open":"0.000026202","low":"0.000024148","high":"0.000026838","volume":"139.7","volumeQuote":"0.0035082804","timestamp":"2021-04-17T16:46:14.452Z","symbol":"HEDGBTC"}}
1618677974.656158: {"jsonrpc":"2.0","method":"ticker","params":{"ask":"0.00000741","bid":"0.00000707","last":"0.00000743","open":"0.00000738","low":"0.00000734","high":"0.00000743","volume":"149.02","volumeQuote":"0.0010985137","timestamp":"2021-04-17T16:46:07.000Z","symbol":"MINBTC"}}
1618677974.695814: {"jsonrpc":"2.0","method":"snapshotTrades","params":{"data":[{"id":1198544986,"price":"0.00000768","quantity":"0.10","side":"sell","timestamp":"2021-04-16T07:13:06.187Z"},{"id":1198544987,"price":"0.00000767","quantity":"0.10","side":"sell","timestamp":"2021-04-16T07:13:06.187Z"},{"id":1198544988,"price":"0.00000766","quantity":"0.10","side":"sell","timestamp":"2021-04-16T07:13:06.187Z"},{"id":1198544989,"price":"0.00000765","quantity":"0.10","side":"sell","timestamp":"2021-04-16T07:13:06.187Z"},{"id":1198544990,"price":"0.00000764","quantity":"0.10","side":"sell","timestamp":"2021-04-16T07:13:06.187Z"},{"id":1198544991,"price":"0.00000763","quantity":"0.10","side":"sell","timestamp":"2021-04-16T07:13:06.187Z"},{"id":1198544992,"price":"0.00000762","quantity":"0.10","side":"sell","timestamp":"2021-04-16T07:13:06.187Z"},{"id":1198544993,"price":"0.00000761","quantity":"0.10","side":"sell","timestamp":"2021-04-16T07:13:06.187Z"},{"id":1198544994,"price":"0.00000760","quantity":"0.10","side":"sell","timestamp":"2021-04-16T07:13:06.187Z"},{"id":1198544995,"price":"0.00000759","quantity":"0.10","side":"sell","timestamp":"2021-04-16T07:13:06.187Z"},{"id":1198544996,"price":"0.00000758","quantity":"0.10","side":"sell","timestamp":"2021-04-16T07:13:06.187Z"},{"id":1198544997,"price":"0.00000757","quantity":"0.10","side":"sell","timestamp":"2021-04-16T07:13:06.187Z"},{"id":1198544998,"price":"0.00000756","quantity":"0.10","side":"sell","timestamp":"2021-04-16T07:13:06.187Z"},{"id":1198544999,"price":"0.00000755","quantity":"0.10","side":"sell","timestamp":"2021-04-16T07:13:06.187Z"},{"id":1198545000,"price":"0.00000754","quantity":"0.10","side":"sell","timestamp":"2021-04-16T07:13:06.187Z"},{"id":1198545001,"price":"0.00000753","quantity":"0.10","side":"sell","timestamp":"2021-04-16T07:13:06.187Z"},{"id":1198545002,"price":"0.00000752","quantity":"0.10","side":"sell","timestamp":"2021-04-16T07:13:06.187Z"},{"id":1198545003,"price":"0.00000751","quantity":"0.10","side":"sell","timestamp":"2021-04-16T07:13:06.187Z"},{"id":1198545004,"price":"0.00000750","quantity":"0.10","side":"sell","timestamp":"2021-04-16T07:13:06.187Z"},{"id":1198545005,"price":"0.00000749","quantity":"0.10","side":"sell","timestamp":"2021-04-16T07:13:06.187Z"},{"id":1198545006,"price":"0.00000748","quantity":"0.10","side":"sell","timestamp":"2021-04-16T07:13:06.187Z"},{"id":1198545007,"price":"0.00000747","quantity":"0.10","side":"sell","timestamp":"2021-04-16T07:13:06.187Z"},{"id":1198545008,"price":"0.00000746","quantity":"0.10","side":"sell","timestamp":"2021-04-16T07:13:06.187Z"},{"id":1198545009,"price":"0.00000745","quantity":"0.10","side":"sell","timestamp":"2021-04-16T07:13:06.187Z"},{"id":1198545010,"price":"0.00000744","quantity":"0.10","side":"sell","timestamp":"2021-04-16T07:13:06.187Z"},{"id":1198545011,"price":"0.00000743","quantity":"0.10","side":"sell","timestamp":"2021-04-16T07:13:06.187Z"},{"id":1198545012,"price":"0.00000742","quantity":"0.10","side":"sell","timestamp":"2021-04-16T07:13:06.187Z"},{"id":1198545013,"price":"0.00000741","quantity":"0.10","side":"sell","timestamp":"2021-04-16T07:13:06.187Z"},{"id":1198545014,"price":"0.00000740","quantity":"0.10","side":"sell","timestamp":"2021-04-16T07:13:06.187Z"},{"id":1198545015,"price":"0.00000739","quantity":"0.10","side":"sell","timestamp":"2021-04-16T07:13:06.187Z"},{"id":1198545016,"price":"0.00000738","quantity":"0.10","side":"sell","timestamp":"2021-04-16T07:13:06.187Z"},{"id":1198545017,"price":"0.00000737","quantity":"0.10","side":"sell","timestamp":"2021-04-16T07:13:06.187Z"},{"id":1198545018,"price":"0.00000736","quantity":"0.10","side":"sell","timestamp":"2021-04-16T07:13:06.187Z"},{"id":1198545019,"price":"0.00000735","quantity":"0.10","side":"sell","timestamp":"2021-04-16T07:13:06.187Z"},{"id":1198545020,"price":"0.00000734","quantity":"0.10","side":"sell","timestamp":"2021-04-16T07:13:06.187Z"},{"id":1198545021,"price":"0.00000733","quantity":"0.10","side":"sell","timestamp":"2021-04-16T07:13:06.187Z"},{"id":1198545022,"price":"0.00000732","quantity":"0.10","side":"sell","timestamp":"2021-04-16T07:13:06.187Z"},{"id":1198545023,"price":"0.00000731","quantity":"0.10","side":"sell","timestamp":"2021-04-16T07:13:06.187Z"},{"id":1198545024,"price":"0.00000730","quantity":"0.10","side":"sell","timestamp":"2021-04-16T07:13:06.187Z"},{"id":1198545025,"price":"0.00000729","quantity":"0.10","side":"sell","timestamp":"2021-04-16T07:13:06.187Z"},{"id":1198545026,"price":"0.00000728","quantity":"0.10","side":"sell","timestamp":"2021-04-16T07:13:06.187Z"},{"id":1198545027,"price":"0.00000727","quantity":"0.10","side":"sell","timestamp":"2021-04-16T07:13:06.187Z"},{"id":1198545028,"price":"0.00000726","quantity":"0.10","side":"sell","timestamp":"2021-04-16T07:13:06.187Z"},{"id":1198545029,"price":"0.00000725","quantity":"0.10","side":"sell","timestamp":"2021-04-16T07:13:06.187Z"},{"id":1198545030,"price":"0.00000724","quantity":"0.10","side":"sell","timestamp":"2021-04-16T07:13:06.187Z"},{"id":1198545031,"price":"0.00000723","quantity":"0.10","side":"sell","timestamp":"2021-04-16T07:13:06.187Z"},{"id":1198545032,"price":"0.00000722","quantity":"0.10","side":"sell","timestamp":"2021-04-16T07:13:06.187Z"},{"id":1198545033,"price":"0.00000721","quantity":"0.10","side":"sell","timestamp":"2021-04-16T07:13:06.187Z"},{"id":1198545034,"price":"0.00000720","quantity":"0.10","side":"sell","timestamp":"2021-04-16T07:13:06.187Z"},{"id":1198545035,"price":"0.00000719","quantity":"0.02","side":"sell","timestamp":"2021-04-16T07:13:06.187Z"},{"id":1198545036,"price":"0.00000718","quantity":"0.10","side":"sell","timestamp":"2021-04-16T07:13:06.187Z"},{"id":1198545037,"price":"0.00000717","quantity":"0.10","side":"sell","timestamp":"2021-04-16T07:13:06.187Z"},{"id":1198545038,"price":"0.00000716","quantity":"0.10","side":"sell","timestamp":"2021-04-16T07:13:06.187Z"},{"id":1198545039,"price":"0.00000715","quantity":"0.10","side":"sell","timestamp":"2021-04-16T07:13:06.187Z"},{"id":1198545040,"price":"0.00000714","quantity":"0.10","side":"sell","timestamp":"2021-04-16T07:13:06.187Z"},{"id":1198545041,"price":"0.00000713","quantity":"0.10","side":"sell","timestamp":"2021-04-16T07:13:06.187Z"},{"id":1198545042,"price":"0.00000712","quantity":"0.10","side":"sell","timestamp":"2021-04-16T07:13:06.187Z"},{"id":1198545043,"price":"0.00000711","quantity":"0.10","side":"sell","timestamp":"2021-04-16T07:13:06.187Z"},{"id":1198545044,"price":"0.00000710","quantity":"0.10","side":"sell","timestamp":"2021-04-16T07:13:06.187Z"},{"id":1198545045,"price":"0.00000709","quantity":"0.10","side":"sell","timestamp":"2021-04-16T07:13:06.187Z"},{"id":1198545046,"price":"0.00000708","quantity":"0.10","side":"sell","timestamp":"2021-04-16T07:13:06.187Z"},{"id":1198545047,"price":"0.00000707","quantity":"0.10","side":"sell","timestamp":"2021-04-16T07:13:06.187Z"},{"id":1198545048,"price":"0.00000706","quantity":"0.10","side":"sell","timestamp":"2021-04-16T07:13:06.187Z"},{"id":1198545049,"price":"0.00000705","quantity":"0.10","side":"sell","timestamp":"2021-04-16T07:13:06.187Z"},{"id":1198545050,"price":"0.00000704","quantity":"0.10","side":"sell","timestamp":"2021-04-16T07:13:06.187Z"},{"id":1198545051,"price":"0.00000703","quantity":"0.10","side":"sell","timestamp":"2021-04-16T07:13:06.187Z"},{"id":1198545052,"price":"0.00000702","quantity":"0.10","side":"sell","timestamp":"2021-04-16T07:13:06.187Z"},{"id":1198545053,"price":"0.00000701","quantity":"0.10","side":"sell","timestamp":"2021-04-16T07:13:06.187Z"},{"id":1198545054,"price":"0.00000700","quantity":"0.10","side":"sell","timestamp":"2021-04-16T07:13:06.187Z"},{"id":1198545055,"price":"0.00000699","quantity":"0.10","side":"sell","timestamp":"2021-04-16T07:13:06.187Z"},{"id":1198545056,"price":"0.00000698","quantity":"0.10","side":"sell","timestamp":"2021-04-16T07:13:06.187Z"},{"id":1198545057,"price":"0.00000697","quantity":"0.10","side":"sell","timestamp":"2021-04-16T07:13:06.187Z"},{"id":1198545058,"price":"0.00000696","quantity":"0.10","side":"sell","timestamp":"2021-04-16T07:13:06.187Z"},{"id":1198545059,"price":"0.00000695","quantity":"0.10","side":"sell","timestamp":"2021-04-16T07:13:06.187Z"},{"id":1198545060,"price":"0.00000694","quantity":"0.10","side":"sell","timestamp":"2021-04-16T07:13:06.187Z"},{"id":1198545061,"price":"0.00000693","quantity":"0.10","side":"sell","timestamp":"2021-04-16T07:13:06.187Z"},{"id":1198545062,"price":"0.00000692","quantity":"0.10","side":"sell","timestamp":"2021-04-16T07:13:06.187Z"},{"id":1198545063,"price":"0.00000691","quantity":"0.10","side":"sell","timestamp":"2021-04-16T07:13:06.187Z"},{"id":1198545064,"price":"0.00000690","quantity":"0.10","side":"sell","timestamp":"2021-04-16T07:13:06.187Z"},{"id":1198545065,"price":"0.00000689","quantity":"0.10","side":"sell","timestamp":"2021-04-16T07:13:06.187Z"},{"id":1198545066,"price":"0.00000688","quantity":"0.10","side":"sell","timestamp":"2021-04-16T07:13:06.187Z"},{"id":1198545067,"price":"0.00000687","quantity":"0.10","side":"sell","timestamp":"2021-04-16T07:13:06.187Z"},{"id":1198545068,"price":"0.00000687","quantity":"61.13","side":"sell","timestamp":"2021-04-16T07:13:06.187Z"},{"id":1198545069,"price":"0.00000686","quantity":"0.10","side":"sell","timestamp":"2021-04-16T07:13:06.187Z"},{"id":1198545070,"price":"0.00000685","quantity":"0.10","side":"sell","timestamp":"2021-04-16T07:13:06.187Z"},{"id":1198545071,"price":"0.00000684","quantity":"0.10","side":"sell","timestamp":"2021-04-16T07:13:06.187Z"},{"id":1198545072,"price":"0.00000683","quantity":"0.10","side":"sell","timestamp":"2021-04-16T07:13:06.187Z"},{"id":1198545073,"price":"0.00000682","quantity":"0.10","side":"sell","timestamp":"2021-04-16T07:13:06.187Z"},{"id":1198545074,"price":"0.00000681","quantity":"0.10","side":"sell","timestamp":"2021-04-16T07:13:06.187Z"},{"id":1198545075,"price":"0.00000681","quantity":"44.05","side":"sell","timestamp":"2021-04-16T07:13:06.187Z"},{"id":1198546105,"price":"0.00000680","quantity":"0.10","side":"sell","timestamp":"2021-04-16T07:14:00.889Z"},{"id":1198546106,"price":"0.00000680","quantity":"34.50","side":"sell","timestamp":"2021-04-16T07:14:00.889Z"},{"id":1198772378,"price":"0.00000738","quantity":"20.00","side":"buy","timestamp":"2021-04-16T10:04:14.051Z"},{"id":1199535260,"price":"0.00000734","quantity":"96.61","side":"buy","timestamp":"2021-04-16T17:43:44.135Z"},{"id":1199562464,"price":"0.00000739","quantity":"0.10","side":"buy","timestamp":"2021-04-16T18:04:39.523Z"},{"id":1199562465,"price":"0.00000740","quantity":"0.10","side":"buy","timestamp":"2021-04-16T18:04:39.523Z"},{"id":1199562466,"price":"0.00000741","quantity":"0.10","side":"buy","timestamp":"2021-04-16T18:04:39.523Z"},{"id":1199562467,"price":"0.00000742","quantity":"0.10","side":"buy","timestamp":"2021-04-16T18:04:39.523Z"},{"id":1199562468,"price":"0.00000743","quantity":"0.10","side":"buy","timestamp":"2021-04-16T18:04:39.523Z"},{"id":1199562469,"price":"0.00000743","quantity":"51.91","side":"buy","timestamp":"2021-04-16T18:04:39.523Z"}],"symbol":"MINBTC"}}
1618677974.697782: {"jsonrpc":"2.0","method":"snapshotTrades","params":{"data":[{"id":1191442942,"price":"0.000030777","quantity":"0.1","side":"buy","timestamp":"2021-04-11T13:38:44.856Z"},{"id":1191442943,"price":"0.000031061","quantity":"10.4","side":"buy","timestamp":"2021-04-11T13:38:44.856Z"},{"id":1191442948,"price":"0.000031061","quantity":"0.2","side":"buy","timestamp":"2021-04-11T13:38:44.976Z"},{"id":1191507020,"price":"0.000030620","quantity":"0.1","side":"sell","timestamp":"2021-04-11T14:52:11.126Z"},{"id":1191507021,"price":"0.000030462","quantity":"6.5","side":"sell","timestamp":"2021-04-11T14:52:11.126Z"},{"id":1191507023,"price":"0.000030462","quantity":"0.1","side":"sell","timestamp":"2021-04-11T14:52:11.170Z"},{"id":1191507029,"price":"0.000030462","quantity":"0.8","side":"sell","timestamp":"2021-04-11T14:52:11.558Z"},{"id":1191655246,"price":"0.000030811","quantity":"0.1","side":"buy","timestamp":"2021-04-11T17:37:30.936Z"},{"id":1191655437,"price":"0.000030862","quantity":"0.7","side":"buy","timestamp":"2021-04-11T17:37:45.574Z"},{"id":1191707158,"price":"0.000030832","quantity":"0.1","side":"buy","timestamp":"2021-04-11T18:37:13.806Z"},{"id":1191947049,"price":"0.000028119","quantity":"0.1","side":"sell","timestamp":"2021-04-11T23:30:00.505Z"},{"id":1192094807,"price":"0.000028217","quantity":"0.1","side":"sell","timestamp":"2021-04-12T02:31:28.608Z"},{"id":1192147152,"price":"0.000030711","quantity":"0.1","side":"buy","timestamp":"2021-04-12T03:39:07.057Z"},{"id":1192147153,"price":"0.000030711","quantity":"0.2","side":"buy","timestamp":"2021-04-12T03:39:07.057Z"},{"id":1192357238,"price":"0.000030628","quantity":"0.1","side":"buy","timestamp":"2021-04-12T07:40:29.647Z"},{"id":1192361764,"price":"0.000027852","quantity":"0.1","side":"sell","timestamp":"2021-04-12T07:45:19.914Z"},{"id":1192476455,"price":"0.000029937","quantity":"0.1","side":"sell","timestamp":"2021-04-12T09:40:52.944Z"},{"id":1192554020,"price":"0.000029194","quantity":"0.1","side":"sell","timestamp":"2021-04-12T10:40:44.161Z"},{"id":1192605830,"price":"0.000028872","quantity":"0.1","side":"sell","timestamp":"2021-04-12T11:34:29.783Z"},{"id":1192657579,"price":"0.000028085","quantity":"0.1","side":"sell","timestamp":"2021-04-12T12:34:12.032Z"},{"id":1192657629,"price":"0.000027807","quantity":"0.2","side":"sell","timestamp":"2021-04-12T12:34:14.990Z"},{"id":1192713926,"price":"0.000029637","quantity":"0.1","side":"buy","timestamp":"2021-04-12T13:38:38.725Z"},{"id":1192713950,"price":"0.000030776","quantity":"0.3","side":"buy","timestamp":"2021-04-12T13:38:40.912Z"},{"id":1192765140,"price":"0.000028070","quantity":"0.1","side":"sell","timestamp":"2021-04-12T14:31:38.146Z"},{"id":1192765169,"price":"0.000027838","quantity":"7.7","side":"sell","timestamp":"2021-04-12T14:31:40.241Z"},{"id":1192828182,"price":"0.000026943","quantity":"7.2","side":"sell","timestamp":"2021-04-12T15:30:36.711Z"},{"id":1193158934,"price":"0.000026407","quantity":"3.7","side":"buy","timestamp":"2021-04-12T22:02:52.399Z"},{"id":1193158937,"price":"0.000026407","quantity":"16.4","side":"buy","timestamp":"2021-04-12T22:02:52.400Z"},{"id":1193158940,"price":"0.000026407","quantity":"16.4","side":"buy","timestamp":"2021-04-12T22:02:52.401Z"},{"id":1193158944,"price":"0.000026407","quantity":"6.3","side":"buy","timestamp":"2021-04-12T22:02:52.423Z"},{"id":1193158946,"price":"0.000026407","quantity":"36.5","side":"buy","timestamp":"2021-04-12T22:02:52.445Z"},{"id":1193158992,"price":"0.000026407","quantity":"36.5","side":"buy","timestamp":"2021-04-12T22:02:52.824Z"},{"id":1193159224,"price":"0.000026285","quantity":"18.2","side":"sell","timestamp":"2021-04-12T22:03:06.852Z"},{"id":1193159225,"price":"0.000026190","quantity":"8.1","side":"sell","timestamp":"2021-04-12T22:03:06.852Z"},{"id":1193337898,"price":"0.000026330","quantity":"0.1","side":"buy","timestamp":"2021-04-13T01:34:28.082Z"},{"id":1193337899,"price":"0.000026330","quantity":"6.3","side":"buy","timestamp":"2021-04-13T01:34:28.082Z"},{"id":1193629502,"price":"0.000025800","quantity":"0.1","side":"sell","timestamp":"2021-04-13T07:17:00.649Z"},{"id":1193629551,"price":"0.000025548","quantity":"1.6","side":"buy","timestamp":"2021-04-13T07:17:00.834Z"},{"id":1193629701,"price":"0.000025548","quantity":"6.3","side":"buy","timestamp":"2021-04-13T07:17:07.323Z"},{"id":1193630476,"price":"0.000025010","quantity":"10.6","side":"sell","timestamp":"2021-04-13T07:17:48.449Z"},{"id":1193641024,"price":"0.000026512","quantity":"0.1","side":"buy","timestamp":"2021-04-13T07:26:55.816Z"},{"id":1193641025,"price":"0.000026628","quantity":"3.7","side":"buy","timestamp":"2021-04-13T07:26:55.816Z"},{"id":1193777506,"price":"0.000025035","quantity":"0.1","side":"sell","timestamp":"2021-04-13T09:08:33.546Z"},{"id":1193777507,"price":"0.000025000","quantity":"0.4","side":"sell","timestamp":"2021-04-13T09:08:33.546Z"},{"id":1193866484,"price":"0.000025921","quantity":"0.1","side":"buy","timestamp":"2021-04-13T10:31:05.209Z"},{"id":1193866485,"price":"0.000026368","quantity":"68.7","side":"buy","timestamp":"2021-04-13T10:31:05.209Z"},{"id":1193866486,"price":"0.000026368","quantity":"7.0","side":"buy","timestamp":"2021-04-13T10:31:05.209Z"},{"id":1194650884,"price":"0.000025092","quantity":"0.1","side":"sell","timestamp":"2021-04-13T23:00:57.711Z"},{"id":1194650885,"price":"0.000025000","quantity":"0.9","side":"sell","timestamp":"2021-04-13T23:00:57.711Z"},{"id":1195181175,"price":"0.000025000","quantity":"0.1","side":"sell","timestamp":"2021-04-14T07:36:22.611Z"},{"id":1195456727,"price":"0.000027058","quantity":"10.4","side":"buy","timestamp":"2021-04-14T10:41:09.844Z"},{"id":1195457221,"price":"0.000027049","quantity":"5.1","side":"buy","timestamp":"2021-04-14T10:41:37.791Z"},{"id":1195515434,"price":"0.000026019","quantity":"0.3","side":"buy","timestamp":"2021-04-14T11:39:30.851Z"},{"id":1195540713,"price":"0.000025811","quantity":"2.9","side":"buy","timestamp":"2021-04-14T12:03:15.043Z"},{"id":1195579642,"price":"0.000025779","quantity":"0.1","side":"buy","timestamp":"2021-04-14T12:39:41.473Z"},{"id":1195637720,"price":"0.000025506","quantity":"0.1","side":"sell","timestamp":"2021-04-14T13:31:11.218Z"},{"id":1195637894,"price":"0.000025000","quantity":"15.8","side":"sell","timestamp":"2021-04-14T13:31:16.192Z"},{"id":1196171042,"price":"0.000025000","quantity":"5.0","side":"sell","timestamp":"2021-04-14T20:17:03.328Z"},{"id":1197239783,"price":"0.000025578","quantity":"0.1","side":"sell","timestamp":"2021-04-15T13:48:13.138Z"},{"id":1198682595,"price":"0.000025339","quantity":"1.2","side":"buy","timestamp":"2021-04-16T09:04:17.148Z"},{"id":1198682600,"price":"0.000025339","quantity":"1.2","side":"buy","timestamp":"2021-04-16T09:04:17.162Z"},{"id":1198685379,"price":"0.000025338","quantity":"3.2","side":"buy","timestamp":"2021-04-16T09:06:26.569Z"},{"id":1198685384,"price":"0.000025338","quantity":"1.6","side":"buy","timestamp":"2021-04-16T09:06:26.643Z"},{"id":1198685448,"price":"0.000025338","quantity":"1.6","side":"buy","timestamp":"2021-04-16T09:06:29.683Z"},{"id":1198685506,"price":"0.000025338","quantity":"1.6","side":"buy","timestamp":"2021-04-16T09:06:30.273Z"},{"id":1198685508,"price":"0.000025338","quantity":"3.2","side":"buy","timestamp":"2021-04-16T09:06:30.285Z"},{"id":1198685527,"price":"0.000025338","quantity":"3.2","side":"buy","timestamp":"2021-04-16T09:06:30.677Z"},{"id":1198685534,"price":"0.000025338","quantity":"1.6","side":"buy","timestamp":"2021-04-16T09:06:30.997Z"},{"id":1198685538,"price":"0.000025338","quantity":"3.2","side":"buy","timestamp":"2021-04-16T09:06:31.008Z"},{"id":1198685586,"price":"0.000025339","quantity":"1.6","side":"buy","timestamp":"2021-04-16T09:06:33.225Z"},{"id":1198687557,"price":"0.000025338","quantity":"1.9","side":"buy","timestamp":"2021-04-16T09:08:10.601Z"},{"id":1198689677,"price":"0.000025337","quantity":"6.4","side":"buy","timestamp":"2021-04-16T09:09:25.616Z"},{"id":1198689682,"price":"0.000025337","quantity":"6.4","side":"buy","timestamp":"2021-04-16T09:09:25.710Z"},{"id":1198689687,"price":"0.000025337","quantity":"6.4","side":"buy","timestamp":"2021-04-16T09:09:25.788Z"},{"id":1198689692,"price":"0.000025337","quantity":"6.4","side":"buy","timestamp":"2021-04-16T09:09:25.888Z"},{"id":1198689699,"price":"0.000025337","quantity":"6.4","side":"buy","timestamp":"2021-04-16T09:09:25.972Z"},{"id":1198689704,"price":"0.000025337","quantity":"2.5","side":"buy","timestamp":"2021-04-16T09:09:26.050Z"},{"id":1198689705,"price":"0.000025337","quantity":"3.9","side":"buy","timestamp":"2021-04-16T09:09:26.050Z"},{"id":1198689710,"price":"0.000025337","quantity":"6.4","side":"buy","timestamp":"2021-04-16T09:09:26.163Z"},{"id":1198722564,"price":"0.000026762","quantity":"6.2","side":"buy","timestamp":"2021-04-16T09:31:12.560Z"},{"id":1198722565,"price":"0.000026762","quantity":"19.0","side":"buy","timestamp":"2021-04-16T09:31:12.560Z"},{"id":1198722566,"price":"0.000026765","quantity":"0.1","side":"buy","timestamp":"2021-04-16T09:31:12.560Z"},{"id":1198722567,"price":"0.000027066","quantity":"19.1","side":"buy","timestamp":"2021-04-16T09:31:12.560Z"},{"id":1199439059,"price":"0.000026202","quantity":"0.1","side":"sell","timestamp":"2021-04-16T16:43:19.406Z"},{"id":1199750494,"price":"0.000025671","quantity":"3.9","side":"sell","timestamp":"2021-04-16T20:29:20.123Z"},{"id":1200408091,"price":"0.000025322","quantity":"5.2","side":"sell","timestamp":"2021-04-17T05:15:11.684Z"},{"id":1200408095,"price":"0.000025322","quantity":"0.7","side":"sell","timestamp":"2021-04-17T05:15:11.693Z"},{"id":1200408096,"price":"0.000025318","quantity":"0.9","side":"sell","timestamp":"2021-04-17T05:15:11.693Z"},{"id":1200408099,"price":"0.000025318","quantity":"0.2","side":"sell","timestamp":"2021-04-17T05:15:11.702Z"},{"id":1200408100,"price":"0.000025313","quantity":"27.4","side":"sell","timestamp":"2021-04-17T05:15:11.702Z"},{"id":1200408104,"price":"0.000025313","quantity":"1.6","side":"sell","timestamp":"2021-04-17T05:15:11.717Z"},{"id":1200408106,"price":"0.000025313","quantity":"0.3","side":"sell","timestamp":"2021-04-17T05:15:11.717Z"},{"id":1200408114,"price":"0.000025000","quantity":"0.9","side":"sell","timestamp":"2021-04-17T05:15:11.755Z"},{"id":1200408116,"price":"0.000025000","quantity":"0.2","side":"sell","timestamp":"2021-04-17T05:15:11.770Z"},{"id":1200408145,"price":"0.000025000","quantity":"3.4","side":"sell","timestamp":"2021-04-17T05:15:12.856Z"},{"id":1200408150,"price":"0.000025000","quantity":"8.6","side":"sell","timestamp":"2021-04-17T05:15:13.344Z"},{"id":1200408365,"price":"0.000025000","quantity":"32.4","side":"sell","timestamp":"2021-04-17T05:15:23.105Z"},{"id":1200408366,"price":"0.000024968","quantity":"52.0","side":"sell","timestamp":"2021-04-17T05:15:23.105Z"},{"id":1201024836,"price":"0.000024148","quantity":"0.1","side":"buy","timestamp":"2021-04-17T13:21:34.278Z"},{"id":1201024837,"price":"0.000026838","quantity":"1.9","side":"buy","timestamp":"2021-04-17T13:21:34.278Z"}],"symbol":"HEDGBTC"}}
1618677974.698998: {"jsonrpc":"2.0","method":"ticker","params":{"ask":"1.4976737","bid":"1.4800151","last":"1.4901105","open":"1.2489227","low":"1.2214393","high":"1.5313131","volume":"731343","volumeQuote":"992281.8446244","timestamp":"2021-04-17T16:46:14.466Z","symbol":"MANAUSD"}}
1618677974.699036: {"jsonrpc":"2.0","method":"ticker","params":{"ask":"0.00000118440","bid":"0.00000117410","last":"0.00000117631","open":"0.00000109765","low":"0.00000107551","high":"0.00000126982","volume":"2339580","volumeQuote":"2.67828797030","timestamp":"2021-04-17T16:46:13.573Z","symbol":"CELRBTC"}}
1618677974.76017: {"jsonrpc":"2.0","method":"snapshotTrades","params":{"data":[{"id":1201280312,"price":"1.4813715","quantity":"121","side":"buy","timestamp":"2021-04-17T16:33:37.591Z"},{"id":1201280405,"price":"1.4828504","quantity":"11","side":"sell","timestamp":"2021-04-17T16:33:42.294Z"},{"id":1201280801,"price":"1.4850619","quantity":"142","side":"buy","timestamp":"2021-04-17T16:34:02.136Z"},{"id":1201280937,"price":"1.4842409","quantity":"30","side":"buy","timestamp":"2021-04-17T16:34:08.437Z"},{"id":1201281376,"price":"1.4811778","quantity":"6","side":"sell","timestamp":"2021-04-17T16:34:33.336Z"},{"id":1201281424,"price":"1.4844409","quantity":"19","side":"buy","timestamp":"2021-04-17T16:34:36.762Z"},{"id":1201281675,"price":"1.4874753","quantity":"231","side":"buy","timestamp":"2021-04-17T16:34:50.138Z"},{"id":1201281781,"price":"1.4867437","quantity":"53","side":"sell","timestamp":"2021-04-17T16:34:57.934Z"},{"id":1201281837,"price":"1.4841832","quantity":"32","side":"sell","timestamp":"2021-04-17T16:35:02.641Z"},{"id":1201281913,"price":"1.4852818","quantity":"6","side":"buy","timestamp":"2021-04-17T16:35:07.704Z"},{"id":1201282031,"price":"1.4813266","quantity":"5","side":"sell","timestamp":"2021-04-17T16:35:13.008Z"},{"id":1201282123,"price":"1.4816897","quantity":"65","side":"sell","timestamp":"2021-04-17T16:35:19.981Z"},{"id":1201282249,"price":"1.4875240","quantity":"17","side":"sell","timestamp":"2021-04-17T16:35:27.809Z"},{"id":1201282469,"price":"1.4809326","quantity":"3","side":"sell","timestamp":"2021-04-17T16:35:38.753Z"},{"id":1201282603,"price":"1.4874554","quantity":"109","side":"buy","timestamp":"2021-04-17T16:35:41.768Z"},{"id":1201282709,"price":"1.4825207","quantity":"9","side":"sell","timestamp":"2021-04-17T16:35:47.321Z"},{"id":1201282822,"price":"1.4825910","quantity":"13","side":"sell","timestamp":"2021-04-17T16:35:54.789Z"},{"id":1201282957,"price":"1.4873030","quantity":"10","side":"sell","timestamp":"2021-04-17T16:36:02.217Z"},{"id":1201283314,"price":"1.4850131","quantity":"70","side":"sell","timestamp":"2021-04-17T16:36:18.358Z"},{"id":1201283395,"price":"1.4828879","quantity":"78","side":"sell","timestamp":"2021-04-17T16:36:21.731Z"},{"id":1201283560,"price":"1.4866450","quantity":"96","side":"buy","timestamp":"2021-04-17T16:36:28.644Z"},{"id":1201283633,"price":"1.4860123","quantity":"3","side":"buy","timestamp":"2021-04-17T16:36:32.747Z"},{"id":1201283690,"price":"1.4823858","quantity":"12","side":"sell","timestamp":"2021-04-17T16:36:36.171Z"},{"id":1201283765,"price":"1.4802808","quantity":"92","side":"buy","timestamp":"2021-04-17T16:36:41.054Z"},{"id":1201283876,"price":"1.4840053","quantity":"12","side":"buy","timestamp":"2021-04-17T16:36:47.790Z"},{"id":1201283973,"price":"1.4802555","quantity":"6","side":"buy","timestamp":"2021-04-17T16:36:52.178Z"},{"id":1201284055,"price":"1.4859194","quantity":"118","side":"sell","timestamp":"2021-04-17T16:36:55.844Z"},{"id":1201284156,"price":"1.4867464","quantity":"58","side":"sell","timestamp":"2021-04-17T16:37:00.801Z"},{"id":1201284340,"price":"1.4848904","quantity":"249","side":"sell","timestamp":"2021-04-17T16:37:12.082Z"},{"id":1201284506,"price":"1.4817996","quantity":"15","side":"sell","timestamp":"2021-04-17T16:37:20.772Z"},{"id":1201284650,"price":"1.4804309","quantity":"18","side":"buy","timestamp":"2021-04-17T16:37:31.973Z"},{"id":1201284701,"price":"1.4792129","quantity":"3","side":"buy","timestamp":"2021-04-17T16:37:35.609Z"},{"id":1201284835,"price":"1.4796585","quantity":"93","side":"sell","timestamp":"2021-04-17T16:37:45.178Z"},{"id":1201284968,"price":"1.4865390","quantity":"75","side":"sell","timestamp":"2021-04-17T16:37:54.116Z"},{"id":1201285069,"price":"1.4824220","quantity":"4","side":"buy","timestamp":"2021-04-17T16:38:02.887Z"},{"id":1201285203,"price":"1.4857152","quantity":"91","side":"sell","timestamp":"2021-04-17T16:38:12.122Z"},{"id":1201285312,"price":"1.4875635","quantity":"27","side":"sell","timestamp":"2021-04-17T16:38:18.576Z"},{"id":1201285385,"price":"1.4870031","quantity":"168","side":"sell","timestamp":"2021-04-17T16:38:22.677Z"},{"id":1201285624,"price":"1.4805117","quantity":"6","side":"buy","timestamp":"2021-04-17T16:38:28.107Z"},{"id":1201285720,"price":"1.4848501","quantity":"29","side":"buy","timestamp":"2021-04-17T16:38:34.869Z"},{"id":1201285800,"price":"1.4879589","quantity":"2","side":"buy","timestamp":"2021-04-17T16:38:39.476Z"},{"id":1201285851,"price":"1.4843544","quantity":"100","side":"buy","timestamp":"2021-04-17T16:38:43.431Z"},{"id":1201285991,"price":"1.4823046","quantity":"42","side":"buy","timestamp":"2021-04-17T16:38:51.637Z"},{"id":1201286039,"price":"1.4810831","quantity":"87","side":"buy","timestamp":"2021-04-17T16:38:54.897Z"},{"id":1201286199,"price":"1.4815933","quantity":"12","side":"sell","timestamp":"2021-04-17T16:39:04.647Z"},{"id":1201286417,"price":"1.4793047","quantity":"17","side":"sell","timestamp":"2021-04-17T16:39:14.626Z"},{"id":1201286564,"price":"1.4822492","quantity":"1","side":"buy","timestamp":"2021-04-17T16:39:21.771Z"},{"id":1201286653,"price":"1.4822671","quantity":"161","side":"sell","timestamp":"2021-04-17T16:39:27.930Z"},{"id":1201286735,"price":"1.4857238","quantity":"3","side":"buy","timestamp":"2021-04-17T16:39:33.160Z"},{"id":1201286801,"price":"1.4793773","quantity":"176","side":"buy","timestamp":"2021-04-17T16:39:38.215Z"},{"id":1201286912,"price":"1.4791556","quantity":"107","side":"sell","timestamp":"2021-04-17T16:39:45.879Z"},{"id":1201286978,"price":"1.4864072","quantity":"2","side":"sell","timestamp":"2021-04-17T16:39:50.057Z"},{"id":1201287115,"price":"1.4814250","quantity":"11","side":"sell","timestamp":"2021-04-17T16:39:59.278Z"},{"id":1201287268,"price":"1.4873906","quantity":"18","side":"sell","timestamp":"2021-04-17T16:40:08.025Z"},{"id":1201287405,"price":"1.4884058","quantity":"1","side":"buy","timestamp":"2021-04-17T16:40:16.830Z"},{"id":1201287580,"price":"1.4867329","quantity":"7","side":"sell","timestamp":"2021-04-17T16:40:23.354Z"},{"id":1201287812,"price":"1.4882540","quantity":"5","side":"buy","timestamp":"2021-04-17T16:40:37.425Z"},{"id":1201288157,"price":"1.4862178","quantity":"14","side":"buy","timestamp":"2021-04-17T16:40:59.935Z"},{"id":1201288374,"price":"1.4881436","quantity":"34","side":"sell","timestamp":"2021-04-17T16:41:15.590Z"},{"id":1201288548,"price":"1.4870719","quantity":"19","side":"sell","timestamp":"2021-04-17T16:41:27.035Z"},{"id":1201288669,"price":"1.4879305","quantity":"37","side":"buy","timestamp":"2021-04-17T16:41:33.715Z"},{"id":1201288773,"price":"1.4880455","quantity":"7","side":"buy","timestamp":"2021-04-17T16:41:38.480Z"},{"id":1201288915,"price":"1.4877624","quantity":"1","side":"buy","timestamp":"2021-04-17T16:41:47.600Z"},{"id":1201289009,"price":"1.4864706","quantity":"24","side":"buy","timestamp":"2021-04-17T16:41:53.196Z"},{"id":1201289187,"price":"1.4877876","quantity":"30","side":"sell","timestamp":"2021-04-17T16:42:02.102Z"},{"id":1201289379,"price":"1.4887507","quantity":"67","side":"sell","timestamp":"2021-04-17T16:42:15.084Z"},{"id":1201289611,"price":"1.4948177","quantity":"80","side":"buy","timestamp":"2021-04-17T16:42:31.063Z"},{"id":1201289639,"price":"1.4872585","quantity":"17","side":"buy","timestamp":"2021-04-17T16:42:33.016Z"},{"id":1201289714,"price":"1.5105980","quantity":"2","side":"buy","timestamp":"2021-04-17T16:42:36.980Z"},{"id":1201289715,"price":"1.5116161","quantity":"8","side":"buy","timestamp":"2021-04-17T16:42:36.980Z"},{"id":1201289929,"price":"1.4886837","quantity":"85","side":"sell","timestamp":"2021-04-17T16:42:52.484Z"},{"id":1201290028,"price":"1.4896792","quantity":"11","side":"sell","timestamp":"2021-04-17T16:42:58.841Z"},{"id":1201290184,"price":"1.4865641","quantity":"1","side":"buy","timestamp":"2021-04-17T16:43:05.384Z"},{"id":1201290290,"price":"1.4872142","quantity":"19","side":"sell","timestamp":"2021-04-17T16:43:11.727Z"},{"id":1201290390,"price":"1.4862682","quantity":"25","side":"sell","timestamp":"2021-04-17T16:43:17.245Z"},{"id":1201290467,"price":"1.4878562","quantity":"99","side":"buy","timestamp":"2021-04-17T16:43:21.571Z"},{"id":1201290641,"price":"1.4911488","quantity":"136","side":"sell","timestamp":"2021-04-17T16:43:30.049Z"},{"id":1201290768,"price":"1.4914442","quantity":"10","side":"sell","timestamp":"2021-04-17T16:43:37.297Z"},{"id":1201290973,"price":"1.4903696","quantity":"24","side":"sell","timestamp":"2021-04-17T16:43:44.979Z"},{"id":1201291130,"price":"1.4871214","quantity":"5","side":"sell","timestamp":"2021-04-17T16:43:54.889Z"},{"id":1201291315,"price":"1.4892617","quantity":"6","side":"buy","timestamp":"2021-04-17T16:44:03.396Z"},{"id":1201291448,"price":"1.4907413","quantity":"56","side":"buy","timestamp":"2021-04-17T16:44:11.437Z"},{"id":1201291641,"price":"1.4908348","quantity":"58","side":"sell","timestamp":"2021-04-17T16:44:18.771Z"},{"id":1201291724,"price":"1.4865343","quantity":"110","side":"sell","timestamp":"2021-04-17T16:44:23.637Z"},{"id":1201291883,"price":"1.4892836","quantity":"155","side":"sell","timestamp":"2021-04-17T16:44:33.562Z"},{"id":1201291951,"price":"1.4889366","quantity":"7","side":"sell","timestamp":"2021-04-17T16:44:38.869Z"},{"id":1201292084,"price":"1.4866531","quantity":"5","side":"sell","timestamp":"2021-04-17T16:44:44.953Z"},{"id":1201292218,"price":"1.4892295","quantity":"32","side":"sell","timestamp":"2021-04-17T16:44:51.356Z"},{"id":1201292330,"price":"1.4914721","quantity":"56","side":"sell","timestamp":"2021-04-17T16:44:57.222Z"},{"id":1201292432,"price":"1.4910006","quantity":"98","side":"sell","timestamp":"2021-04-17T16:45:03.898Z"},{"id":1201292612,"price":"1.4861597","quantity":"84","side":"sell","timestamp":"2021-04-17T16:45:12.085Z"},{"id":1201292771,"price":"1.4890733","quantity":"95","side":"buy","timestamp":"2021-04-17T16:45:20.283Z"},{"id":1201292971,"price":"1.4909708","quantity":"187","side":"sell","timestamp":"2021-04-17T16:45:30.370Z"},{"id":1201293027,"price":"1.4875012","quantity":"36","side":"sell","timestamp":"2021-04-17T16:45:33.720Z"},{"id":1201293128,"price":"1.4879391","quantity":"2","side":"buy","timestamp":"2021-04-17T16:45:39.314Z"},{"id":1201293267,"price":"1.4903914","quantity":"66","side":"buy","timestamp":"2021-04-17T16:45:45.687Z"},{"id":1201293374,"price":"1.4902323","quantity":"95","side":"buy","timestamp":"2021-04-17T16:45:49.501Z"},{"id":1201293602,"price":"1.4875132","quantity":"441","side":"buy","timestamp":"2021-04-17T16:45:59.202Z"},{"id":1201293745,"price":"1.4877719","quantity":"115","side":"sell","timestamp":"2021-04-17T16:46:07.383Z"},{"id":1201293870,"price":"1.4901105","quantity":"203","side":"sell","timestamp":"2021-04-17T16:46:14.079Z"}],"symbol":"MANAUSD"}}
1618677974.8087838: {"jsonrpc":"2.0","method":"snapshotTrades","params":{"data":[{"id":1201120913,"price":"0.00000118946","quantity":"50","side":"sell","timestamp":"2021-04-17T14:40:38.236Z"},{"id":1201121248,"price":"0.00000118331","quantity":"20","side":"buy","timestamp":"2021-04-17T14:40:51.850Z"},{"id":1201133776,"price":"0.00000119395","quantity":"20","side":"sell","timestamp":"2021-04-17T14:51:10.226Z"},{"id":1201134554,"price":"0.00000119301","quantity":"20","side":"sell","timestamp":"2021-04-17T14:51:39.826Z"},{"id":1201135133,"price":"0.00000118890","quantity":"290","side":"buy","timestamp":"2021-04-17T14:52:10.077Z"},{"id":1201135720,"price":"0.00000119313","quantity":"140","side":"sell","timestamp":"2021-04-17T14:52:34.636Z"},{"id":1201135960,"price":"0.00000119535","quantity":"90","side":"buy","timestamp":"2021-04-17T14:52:44.528Z"},{"id":1201137717,"price":"0.00000119373","quantity":"80","side":"sell","timestamp":"2021-04-17T14:54:01.532Z"},{"id":1201138208,"price":"0.00000118909","quantity":"250","side":"sell","timestamp":"2021-04-17T14:54:21.630Z"},{"id":1201138927,"price":"0.00000119191","quantity":"390","side":"sell","timestamp":"2021-04-17T14:54:53.256Z"},{"id":1201139837,"price":"0.00000119444","quantity":"260","side":"sell","timestamp":"2021-04-17T14:55:38.827Z"},{"id":1201142092,"price":"0.00000118856","quantity":"20","side":"buy","timestamp":"2021-04-17T14:57:43.229Z"},{"id":1201142709,"price":"0.00000119016","quantity":"80","side":"sell","timestamp":"2021-04-17T14:58:14.126Z"},{"id":1201146412,"price":"0.00000119498","quantity":"550","side":"buy","timestamp":"2021-04-17T15:01:24.570Z"},{"id":1201147491,"price":"0.00000118935","quantity":"80","side":"sell","timestamp":"2021-04-17T15:02:18.799Z"},{"id":1201148443,"price":"0.00000118826","quantity":"420","side":"buy","timestamp":"2021-04-17T15:03:02.151Z"},{"id":1201148521,"price":"0.00000119009","quantity":"560","side":"buy","timestamp":"2021-04-17T15:03:05.332Z"},{"id":1201149729,"price":"0.00000118163","quantity":"50","side":"sell","timestamp":"2021-04-17T15:03:44.528Z"},{"id":1201150111,"price":"0.00000118401","quantity":"260","side":"sell","timestamp":"2021-04-17T15:03:54.163Z"},{"id":1201151099,"price":"0.00000117999","quantity":"110","side":"buy","timestamp":"2021-04-17T15:04:37.857Z"},{"id":1201157818,"price":"0.00000117993","quantity":"50","side":"buy","timestamp":"2021-04-17T15:09:42.851Z"},{"id":1201158509,"price":"0.00000117954","quantity":"40","side":"buy","timestamp":"2021-04-17T15:10:21.197Z"},{"id":1201159008,"price":"0.00000118503","quantity":"140","side":"sell","timestamp":"2021-04-17T15:10:46.847Z"},{"id":1201159897,"price":"0.00000118562","quantity":"610","side":"sell","timestamp":"2021-04-17T15:11:40.126Z"},{"id":1201160356,"price":"0.00000118090","quantity":"1200","side":"buy","timestamp":"2021-04-17T15:12:10.480Z"},{"id":1201160547,"price":"0.00000117941","quantity":"40","side":"buy","timestamp":"2021-04-17T15:12:23.429Z"},{"id":1201161122,"price":"0.00000118450","quantity":"130","side":"buy","timestamp":"2021-04-17T15:12:51.684Z"},{"id":1201161503,"price":"0.00000118065","quantity":"370","side":"buy","timestamp":"2021-04-17T15:13:19.426Z"},{"id":1201165957,"price":"0.00000118669","quantity":"10","side":"sell","timestamp":"2021-04-17T15:16:52.678Z"},{"id":1201167884,"price":"0.00000118069","quantity":"60","side":"buy","timestamp":"2021-04-17T15:18:26.438Z"},{"id":1201169322,"price":"0.00000118535","quantity":"260","side":"sell","timestamp":"2021-04-17T15:19:18.526Z"},{"id":1201169925,"price":"0.00000117932","quantity":"240","side":"sell","timestamp":"2021-04-17T15:19:43.606Z"},{"id":1201170750,"price":"0.00000118466","quantity":"380","side":"sell","timestamp":"2021-04-17T15:20:08.932Z"},{"id":1201171132,"price":"0.00000118033","quantity":"130","side":"buy","timestamp":"2021-04-17T15:20:24.746Z"},{"id":1201172598,"price":"0.00000118390","quantity":"530","side":"sell","timestamp":"2021-04-17T15:21:10.037Z"},{"id":1201173586,"price":"0.00000118213","quantity":"1010","side":"buy","timestamp":"2021-04-17T15:21:48.856Z"},{"id":1201174659,"price":"0.00000117561","quantity":"490","side":"buy","timestamp":"2021-04-17T15:22:30.815Z"},{"id":1201180321,"price":"0.00000118426","quantity":"30","side":"buy","timestamp":"2021-04-17T15:26:47.403Z"},{"id":1201182299,"price":"0.00000118187","quantity":"260","side":"sell","timestamp":"2021-04-17T15:28:39.472Z"},{"id":1201182481,"price":"0.00000118349","quantity":"1200","side":"sell","timestamp":"2021-04-17T15:28:47.032Z"},{"id":1201183396,"price":"0.00000118432","quantity":"1240","side":"sell","timestamp":"2021-04-17T15:29:32.427Z"},{"id":1201183561,"price":"0.00000118402","quantity":"940","side":"buy","timestamp":"2021-04-17T15:29:40.500Z"},{"id":1201184062,"price":"0.00000118047","quantity":"840","side":"buy","timestamp":"2021-04-17T15:30:07.630Z"},{"id":1201184221,"price":"0.00000118465","quantity":"10","side":"sell","timestamp":"2021-04-17T15:30:16.130Z"},{"id":1201184330,"price":"0.00000118147","quantity":"430","side":"sell","timestamp":"2021-04-17T15:30:23.086Z"},{"id":1201185278,"price":"0.00000118336","quantity":"40","side":"buy","timestamp":"2021-04-17T15:31:13.157Z"},{"id":1201195912,"price":"0.00000117683","quantity":"20","side":"sell","timestamp":"2021-04-17T15:38:54.853Z"},{"id":1201198094,"price":"0.00000117915","quantity":"70","side":"sell","timestamp":"2021-04-17T15:40:46.726Z"},{"id":1201198522,"price":"0.00000118027","quantity":"60","side":"buy","timestamp":"2021-04-17T15:41:13.014Z"},{"id":1201198874,"price":"0.00000117761","quantity":"30","side":"buy","timestamp":"2021-04-17T15:41:26.126Z"},{"id":1201200894,"price":"0.00000117432","quantity":"290","side":"sell","timestamp":"2021-04-17T15:42:23.940Z"},{"id":1201202268,"price":"0.00000117508","quantity":"70","side":"sell","timestamp":"2021-04-17T15:43:10.919Z"},{"id":1201202508,"price":"0.00000117418","quantity":"50","side":"buy","timestamp":"2021-04-17T15:43:19.031Z"},{"id":1201202726,"price":"0.00000117583","quantity":"30","side":"buy","timestamp":"2021-04-17T15:43:25.742Z"},{"id":1201203026,"price":"0.00000117604","quantity":"10","side":"sell","timestamp":"2021-04-17T15:43:39.634Z"},{"id":1201203137,"price":"0.00000117487","quantity":"590","side":"sell","timestamp":"2021-04-17T15:43:45.482Z"},{"id":1201203245,"price":"0.00000117507","quantity":"430","side":"sell","timestamp":"2021-04-17T15:43:49.985Z"},{"id":1201203348,"price":"0.00000117580","quantity":"60","side":"sell","timestamp":"2021-04-17T15:43:54.573Z"},{"id":1201203619,"price":"0.00000117572","quantity":"350","side":"buy","timestamp":"2021-04-17T15:44:03.567Z"},{"id":1201203999,"price":"0.00000117454","quantity":"40","side":"sell","timestamp":"2021-04-17T15:44:15.279Z"},{"id":1201205144,"price":"0.00000117554","quantity":"30","side":"sell","timestamp":"2021-04-17T15:44:58.527Z"},{"id":1201205604,"price":"0.00000117000","quantity":"2700","side":"sell","timestamp":"2021-04-17T15:45:15.917Z"},{"id":1201243302,"price":"0.00000117096","quantity":"146970","side":"sell","timestamp":"2021-04-17T16:06:28.847Z"},{"id":1201251827,"price":"0.00000117410","quantity":"20","side":"sell","timestamp":"2021-04-17T16:11:15.457Z"},{"id":1201265510,"price":"0.00000118399","quantity":"50","side":"sell","timestamp":"2021-04-17T16:20:29.226Z"},{"id":1201267778,"price":"0.00000117451","quantity":"130","side":"buy","timestamp":"2021-04-17T16:22:15.861Z"},{"id":1201268557,"price":"0.00000117438","quantity":"700","side":"buy","timestamp":"2021-04-17T16:23:03.429Z"},{"id":1201268769,"price":"0.00000117768","quantity":"550","side":"buy","timestamp":"2021-04-17T16:23:14.905Z"},{"id":1201269124,"price":"0.00000117291","quantity":"40","side":"sell","timestamp":"2021-04-17T16:23:33.828Z"},{"id":1201269591,"price":"0.00000117451","quantity":"70","side":"buy","timestamp":"2021-04-17T16:23:58.026Z"},{"id":1201270639,"price":"0.00000117423","quantity":"480","side":"buy","timestamp":"2021-04-17T16:24:55.226Z"},{"id":1201271721,"price":"0.00000117370","quantity":"30","side":"sell","timestamp":"2021-04-17T16:25:53.171Z"},{"id":1201273293,"price":"0.00000117788","quantity":"40","side":"buy","timestamp":"2021-04-17T16:27:23.557Z"},{"id":1201274184,"price":"0.00000117714","quantity":"40","side":"buy","timestamp":"2021-04-17T16:28:10.967Z"},{"id":1201275061,"price":"0.00000117953","quantity":"170","side":"buy","timestamp":"2021-04-17T16:29:02.326Z"},{"id":1201275612,"price":"0.00000117391","quantity":"140","side":"sell","timestamp":"2021-04-17T16:29:30.726Z"},{"id":1201277012,"price":"0.00000117920","quantity":"780","side":"buy","timestamp":"2021-04-17T16:30:42.632Z"},{"id":1201277371,"price":"0.00000118141","quantity":"290","side":"buy","timestamp":"2021-04-17T16:31:01.537Z"},{"id":1201277528,"price":"0.00000117663","quantity":"780","side":"buy","timestamp":"2021-04-17T16:31:08.104Z"},{"id":1201277778,"price":"0.00000118175","quantity":"390","side":"buy","timestamp":"2021-04-17T16:31:19.065Z"},{"id":1201278059,"price":"0.00000117766","quantity":"70","side":"buy","timestamp":"2021-04-17T16:31:32.546Z"},{"id":1201278643,"price":"0.00000117840","quantity":"1380","side":"sell","timestamp":"2021-04-17T16:32:04.130Z"},{"id":1201278948,"price":"0.00000117744","quantity":"1440","side":"sell","timestamp":"2021-04-17T16:32:20.538Z"},{"id":1201279387,"price":"0.00000117815","quantity":"110","side":"sell","timestamp":"2021-04-17T16:32:44.127Z"},{"id":1201279469,"price":"0.00000117500","quantity":"1820","side":"buy","timestamp":"2021-04-17T16:32:48.648Z"},{"id":1201280067,"price":"0.00000117788","quantity":"310","side":"buy","timestamp":"2021-04-17T16:33:24.430Z"},{"id":1201280587,"price":"0.00000118085","quantity":"60","side":"sell","timestamp":"2021-04-17T16:33:52.627Z"},{"id":1201281352,"price":"0.00000117521","quantity":"20","side":"sell","timestamp":"2021-04-17T16:34:31.914Z"},{"id":1201282141,"price":"0.00000117671","quantity":"100","side":"sell","timestamp":"2021-04-17T16:35:20.836Z"},{"id":1201286866,"price":"0.00000117437","quantity":"880","side":"sell","timestamp":"2021-04-17T16:39:42.926Z"},{"id":1201287141,"price":"0.00000117469","quantity":"190","side":"sell","timestamp":"2021-04-17T16:40:01.357Z"},{"id":1201287782,"price":"0.00000117505","quantity":"230","side":"buy","timestamp":"2021-04-17T16:40:35.925Z"},{"id":1201288458,"price":"0.00000117375","quantity":"190","side":"buy","timestamp":"2021-04-17T16:41:21.607Z"},{"id":1201288884,"price":"0.00000117673","quantity":"1210","side":"buy","timestamp":"2021-04-17T16:41:45.739Z"},{"id":1201288934,"price":"0.00000117621","quantity":"700","side":"sell","timestamp":"2021-04-17T16:41:48.926Z"},{"id":1201289252,"price":"0.00000117545","quantity":"3600","side":"buy","timestamp":"2021-04-17T16:42:05.767Z"},{"id":1201289428,"price":"0.00000117958","quantity":"2800","side":"sell","timestamp":"2021-04-17T16:42:18.737Z"},{"id":1201289596,"price":"0.00000117520","quantity":"10","side":"sell","timestamp":"2021-04-17T16:42:29.757Z"},{"id":1201289663,"price":"0.00000117399","quantity":"380","side":"buy","timestamp":"2021-04-17T16:42:35.018Z"},{"id":1201289921,"price":"0.00000117631","quantity":"410","side":"sell","timestamp":"2021-04-17T16:42:51.942Z"}],"symbol":"CELRBTC"}}
1618677974.810187: {"jsonrpc":"2.0","method":"ticker","params":{"ask":"0.00078579","bid":"0.00077909","last":"0.00076815","open":"0.00069570","low":"0.00065900","high":"0.00077776","volume":"4.19","volumeQuote":"0.0030050563","timestamp":"2021-04-17T16:46:14.163Z","symbol":"SUNBTC"}}
1618677974.8102279: {"jsonrpc":"2.0","method":"ticker","params":{"ask":"0.00011649","bid":"0.00011513","last":"0.00011605","open":"0.00011275","low":"0.00011105","high":"0.00011934","volume":"232719.5","volumeQuote":"26.820850267","timestamp":"2021-04-17T16:46:14.361Z","symbol":"XTZBTC"}}
1618677974.825002: {"jsonrpc":"2.0","method":"snapshotTrades","params":{"data":[{"id":1188243636,"price":"0.00068059","quantity":"0.01","side":"sell","timestamp":"2021-04-09T05:24:25.009Z"},{"id":1188243708,"price":"0.00068059","quantity":"0.27","side":"sell","timestamp":"2021-04-09T05:24:30.013Z"},{"id":1188251044,"price":"0.00068060","quantity":"0.44","side":"sell","timestamp":"2021-04-09T05:34:09.859Z"},{"id":1188251045,"price":"0.00068058","quantity":"0.01","side":"sell","timestamp":"2021-04-09T05:34:09.859Z"},{"id":1188305355,"price":"0.00071033","quantity":"0.10","side":"buy","timestamp":"2021-04-09T06:45:40.493Z"},{"id":1188310531,"price":"0.00071032","quantity":"0.52","side":"buy","timestamp":"2021-04-09T06:51:57.137Z"},{"id":1188314190,"price":"0.00071571","quantity":"0.04","side":"buy","timestamp":"2021-04-09T06:55:45.485Z"},{"id":1188314196,"price":"0.00071572","quantity":"0.06","side":"buy","timestamp":"2021-04-09T06:55:45.606Z"},{"id":1188322125,"price":"0.00073374","quantity":"0.02","side":"buy","timestamp":"2021-04-09T07:03:15.925Z"},{"id":1188369198,"price":"0.00072137","quantity":"0.13","side":"sell","timestamp":"2021-04-09T07:58:39.730Z"},{"id":1188533784,"price":"0.00068456","quantity":"0.02","side":"sell","timestamp":"2021-04-09T10:56:16.230Z"},{"id":1188533813,"price":"0.00067959","quantity":"0.02","side":"sell","timestamp":"2021-04-09T10:56:18.237Z"},{"id":1188612043,"price":"0.00067368","quantity":"0.03","side":"buy","timestamp":"2021-04-09T12:16:23.592Z"},{"id":1188621179,"price":"0.00067368","quantity":"0.02","side":"buy","timestamp":"2021-04-09T12:24:57.909Z"},{"id":1188748153,"price":"0.00070071","quantity":"0.02","side":"buy","timestamp":"2021-04-09T14:34:31.653Z"},{"id":1188748157,"price":"0.00070071","quantity":"0.02","side":"buy","timestamp":"2021-04-09T14:34:31.966Z"},{"id":1188748161,"price":"0.00070071","quantity":"0.02","side":"buy","timestamp":"2021-04-09T14:34:32.270Z"},{"id":1188748162,"price":"0.00070071","quantity":"0.02","side":"buy","timestamp":"2021-04-09T14:34:32.358Z"},{"id":1188748170,"price":"0.00070071","quantity":"0.02","side":"buy","timestamp":"2021-04-09T14:34:32.874Z"},{"id":1188748188,"price":"0.00070071","quantity":"0.02","side":"buy","timestamp":"2021-04-09T14:34:33.928Z"},{"id":1188748203,"price":"0.00070071","quantity":"0.02","side":"buy","timestamp":"2021-04-09T14:34:35.147Z"},{"id":1188748232,"price":"0.00070071","quantity":"0.02","side":"buy","timestamp":"2021-04-09T14:34:36.302Z"},{"id":1188748233,"price":"0.00070071","quantity":"0.02","side":"buy","timestamp":"2021-04-09T14:34:36.338Z"},{"id":1189011533,"price":"0.00069470","quantity":"0.02","side":"buy","timestamp":"2021-04-09T19:14:31.955Z"},{"id":1189694842,"price":"0.00061781","quantity":"0.01","side":"sell","timestamp":"2021-04-10T07:42:47.461Z"},{"id":1189881936,"price":"0.00061779","quantity":"0.48","side":"sell","timestamp":"2021-04-10T10:57:02.686Z"},{"id":1189881937,"price":"0.00061778","quantity":"0.20","side":"sell","timestamp":"2021-04-10T10:57:02.686Z"},{"id":1189881938,"price":"0.00060000","quantity":"0.02","side":"sell","timestamp":"2021-04-10T10:57:02.686Z"},{"id":1189881939,"price":"0.00058000","quantity":"0.03","side":"sell","timestamp":"2021-04-10T10:57:02.686Z"},{"id":1189881940,"price":"0.00056000","quantity":"0.03","side":"sell","timestamp":"2021-04-10T10:57:02.686Z"},{"id":1189881941,"price":"0.00054000","quantity":"0.03","side":"sell","timestamp":"2021-04-10T10:57:02.686Z"},{"id":1189897632,"price":"0.00067568","quantity":"0.28","side":"buy","timestamp":"2021-04-10T11:16:28.071Z"},{"id":1189897636,"price":"0.00074324","quantity":"0.72","side":"sell","timestamp":"2021-04-10T11:16:28.081Z"},{"id":1189899023,"price":"0.00067700","quantity":"0.05","side":"sell","timestamp":"2021-04-10T11:18:07.656Z"},{"id":1189913093,"price":"0.00068132","quantity":"0.12","side":"buy","timestamp":"2021-04-10T11:33:45.956Z"},{"id":1189921660,"price":"0.00068132","quantity":"0.74","side":"buy","timestamp":"2021-04-10T11:42:57.764Z"},{"id":1190869008,"price":"0.00068269","quantity":"0.02","side":"buy","timestamp":"2021-04-11T04:01:19.249Z"},{"id":1190877178,"price":"0.00067869","quantity":"0.02","side":"buy","timestamp":"2021-04-11T04:10:05.868Z"},{"id":1190996474,"price":"0.00066860","quantity":"0.40","side":"buy","timestamp":"2021-04-11T06:10:22.487Z"},{"id":1190996478,"price":"0.00067361","quantity":"0.40","side":"buy","timestamp":"2021-04-11T06:10:22.627Z"},{"id":1190996482,"price":"0.00069731","quantity":"0.05","side":"buy","timestamp":"2021-04-11T06:10:22.782Z"},{"id":1191018860,"price":"0.00068670","quantity":"0.10","side":"buy","timestamp":"2021-04-11T06:32:11.382Z"},{"id":1191027139,"price":"0.00069252","quantity":"0.02","side":"sell","timestamp":"2021-04-11T06:38:38.866Z"},{"id":1191159266,"price":"0.00067868","quantity":"0.06","side":"buy","timestamp":"2021-04-11T09:02:56.462Z"},{"id":1191395822,"price":"0.00066466","quantity":"0.02","side":"sell","timestamp":"2021-04-11T12:51:04.359Z"},{"id":1191537346,"price":"0.00069771","quantity":"0.09","side":"buy","timestamp":"2021-04-11T15:26:57.239Z"},{"id":1191618698,"price":"0.00068569","quantity":"0.05","side":"buy","timestamp":"2021-04-11T16:56:43.193Z"},{"id":1191821919,"price":"0.00067913","quantity":"1.00","side":"buy","timestamp":"2021-04-11T20:51:31.563Z"},{"id":1191995624,"price":"0.00068970","quantity":"0.06","side":"buy","timestamp":"2021-04-12T00:27:08.696Z"},{"id":1192046311,"price":"0.00069551","quantity":"0.12","side":"sell","timestamp":"2021-04-12T01:27:59.499Z"},{"id":1192344115,"price":"0.00066267","quantity":"0.02","side":"sell","timestamp":"2021-04-12T07:29:09.442Z"},{"id":1193589639,"price":"0.00067969","quantity":"0.04","side":"buy","timestamp":"2021-04-13T06:37:04.758Z"},{"id":1193686334,"price":"0.00066964","quantity":"0.11","side":"sell","timestamp":"2021-04-13T08:09:25.287Z"},{"id":1193686337,"price":"0.00066964","quantity":"0.04","side":"sell","timestamp":"2021-04-13T08:09:25.653Z"},{"id":1193686342,"price":"0.00066964","quantity":"0.01","side":"sell","timestamp":"2021-04-13T08:09:25.896Z"},{"id":1193710729,"price":"0.00065076","quantity":"0.01","side":"sell","timestamp":"2021-04-13T08:21:56.790Z"},{"id":1193984363,"price":"0.00065565","quantity":"0.01","side":"buy","timestamp":"2021-04-13T12:25:07.410Z"},{"id":1193984364,"price":"0.00065566","quantity":"0.10","side":"buy","timestamp":"2021-04-13T12:25:07.410Z"},{"id":1194260809,"price":"0.00065767","quantity":"0.11","side":"buy","timestamp":"2021-04-13T16:38:47.018Z"},{"id":1194262200,"price":"0.00065869","quantity":"0.07","side":"sell","timestamp":"2021-04-13T16:40:00.079Z"},{"id":1194417452,"price":"0.00065076","quantity":"0.11","side":"sell","timestamp":"2021-04-13T18:56:52.303Z"},{"id":1194776392,"price":"0.00065313","quantity":"0.22","side":"buy","timestamp":"2021-04-14T01:14:49.816Z"},{"id":1194829860,"price":"0.00064065","quantity":"0.11","side":"buy","timestamp":"2021-04-14T02:07:55.215Z"},{"id":1195101310,"price":"0.00064065","quantity":"0.04","side":"buy","timestamp":"2021-04-14T06:19:23.692Z"},{"id":1195143608,"price":"0.00063183","quantity":"0.09","side":"sell","timestamp":"2021-04-14T06:59:33.776Z"},{"id":1195143610,"price":"0.00063183","quantity":"0.04","side":"sell","timestamp":"2021-04-14T06:59:33.806Z"},{"id":1195143820,"price":"0.00063183","quantity":"0.12","side":"sell","timestamp":"2021-04-14T06:59:47.656Z"},{"id":1195148848,"price":"0.00062586","quantity":"0.07","side":"sell","timestamp":"2021-04-14T07:04:18.600Z"},{"id":1195148854,"price":"0.00062586","quantity":"0.01","side":"sell","timestamp":"2021-04-14T07:04:18.784Z"},{"id":1195150846,"price":"0.00062586","quantity":"0.17","side":"sell","timestamp":"2021-04-14T07:05:57.930Z"},{"id":1197615471,"price":"0.00064078","quantity":"0.36","side":"sell","timestamp":"2021-04-15T19:20:47.143Z"},{"id":1198405725,"price":"0.00063698","quantity":"0.16","side":"sell","timestamp":"2021-04-16T05:33:40.044Z"},{"id":1198406974,"price":"0.00063681","quantity":"1.17","side":"sell","timestamp":"2021-04-16T05:34:13.553Z"},{"id":1198406975,"price":"0.00063680","quantity":"0.01","side":"sell","timestamp":"2021-04-16T05:34:13.553Z"},{"id":1198536154,"price":"0.00064029","quantity":"1.17","side":"buy","timestamp":"2021-04-16T07:05:51.365Z"},{"id":1198536155,"price":"0.00064479","quantity":"0.11","side":"buy","timestamp":"2021-04-16T07:05:51.365Z"},{"id":1198549008,"price":"0.00066882","quantity":"0.12","side":"buy","timestamp":"2021-04-16T07:16:26.482Z"},{"id":1198861081,"price":"0.00070616","quantity":"0.16","side":"buy","timestamp":"2021-04-16T11:08:29.546Z"},{"id":1198861082,"price":"0.00070617","quantity":"0.05","side":"buy","timestamp":"2021-04-16T11:08:29.546Z"},{"id":1198861083,"price":"0.00071873","quantity":"0.20","side":"buy","timestamp":"2021-04-16T11:08:29.546Z"},{"id":1198879120,"price":"0.00072934","quantity":"0.10","side":"sell","timestamp":"2021-04-16T11:19:25.763Z"},{"id":1198896718,"price":"0.00072934","quantity":"0.74","side":"sell","timestamp":"2021-04-16T11:26:24.978Z"},{"id":1198930130,"price":"0.00071043","quantity":"0.02","side":"sell","timestamp":"2021-04-16T11:49:54.315Z"},{"id":1199378951,"price":"0.00069918","quantity":"0.05","side":"sell","timestamp":"2021-04-16T16:20:11.472Z"},{"id":1199420773,"price":"0.00069570","quantity":"0.08","side":"buy","timestamp":"2021-04-16T16:35:35.496Z"},{"id":1199422377,"price":"0.00069570","quantity":"0.01","side":"buy","timestamp":"2021-04-16T16:36:14.306Z"},{"id":1199601731,"price":"0.00070048","quantity":"0.10","side":"sell","timestamp":"2021-04-16T18:33:36.325Z"},{"id":1199601741,"price":"0.00070048","quantity":"0.10","side":"sell","timestamp":"2021-04-16T18:33:36.398Z"},{"id":1199854964,"price":"0.00069551","quantity":"0.14","side":"sell","timestamp":"2021-04-16T21:59:55.421Z"},{"id":1199854977,"price":"0.00069348","quantity":"0.02","side":"buy","timestamp":"2021-04-16T21:59:55.470Z"},{"id":1199857044,"price":"0.00065949","quantity":"0.12","side":"buy","timestamp":"2021-04-16T22:01:16.321Z"},{"id":1199857050,"price":"0.00065949","quantity":"0.21","side":"buy","timestamp":"2021-04-16T22:01:16.537Z"},{"id":1199857052,"price":"0.00065949","quantity":"0.60","side":"buy","timestamp":"2021-04-16T22:01:16.572Z"},{"id":1200562832,"price":"0.00065900","quantity":"0.74","side":"buy","timestamp":"2021-04-17T07:21:29.960Z"},{"id":1200562833,"price":"0.00072018","quantity":"0.05","side":"buy","timestamp":"2021-04-17T07:21:29.960Z"},{"id":1200585927,"price":"0.00076609","quantity":"1.40","side":"buy","timestamp":"2021-04-17T07:39:08.335Z"},{"id":1200585928,"price":"0.00076610","quantity":"0.67","side":"buy","timestamp":"2021-04-17T07:39:08.335Z"},{"id":1201124244,"price":"0.00077776","quantity":"0.01","side":"sell","timestamp":"2021-04-17T14:43:30.503Z"},{"id":1201124295,"price":"0.00077710","quantity":"0.01","side":"sell","timestamp":"2021-04-17T14:43:32.954Z"},{"id":1201188437,"price":"0.00076815","quantity":"0.02","side":"sell","timestamp":"2021-04-17T15:33:55.570Z"}],"symbol":"SUNBTC"}}
1618677974.828914: {"jsonrpc":"2.0","method":"snapshotTrades","params":{"data":[{"id":1201271454,"price":"0.00011419","quantity":"5.0","side":"sell","timestamp":"2021-04-17T16:25:38.579Z"},{"id":1201272383,"price":"0.00011456","quantity":"1.8","side":"sell","timestamp":"2021-04-17T16:26:28.730Z"},{"id":1201272385,"price":"0.00011456","quantity":"0.1","side":"sell","timestamp":"2021-04-17T16:26:28.733Z"},{"id":1201274193,"price":"0.00011466","quantity":"0.2","side":"buy","timestamp":"2021-04-17T16:28:11.196Z"},{"id":1201275557,"price":"0.00011467","quantity":"0.7","side":"buy","timestamp":"2021-04-17T16:29:27.701Z"},{"id":1201275695,"price":"0.00011451","quantity":"0.3","side":"sell","timestamp":"2021-04-17T16:29:36.136Z"},{"id":1201275984,"price":"0.00011459","quantity":"0.6","side":"buy","timestamp":"2021-04-17T16:29:51.629Z"},{"id":1201276152,"price":"0.00011461","quantity":"1.1","side":"sell","timestamp":"2021-04-17T16:30:00.190Z"},{"id":1201276336,"price":"0.00011455","quantity":"0.2","side":"sell","timestamp":"2021-04-17T16:30:09.200Z"},{"id":1201276510,"price":"0.00011450","quantity":"0.2","side":"buy","timestamp":"2021-04-17T16:30:17.860Z"},{"id":1201276782,"price":"0.00011456","quantity":"0.2","side":"buy","timestamp":"2021-04-17T16:30:31.830Z"},{"id":1201276896,"price":"0.00011455","quantity":"1.4","side":"sell","timestamp":"2021-04-17T16:30:37.272Z"},{"id":1201277097,"price":"0.00011452","quantity":"0.1","side":"sell","timestamp":"2021-04-17T16:30:46.624Z"},{"id":1201277235,"price":"0.00011451","quantity":"2.3","side":"buy","timestamp":"2021-04-17T16:30:53.712Z"},{"id":1201277309,"price":"0.00011451","quantity":"0.2","side":"buy","timestamp":"2021-04-17T16:30:58.237Z"},{"id":1201278041,"price":"0.00011457","quantity":"1.4","side":"buy","timestamp":"2021-04-17T16:31:31.854Z"},{"id":1201279291,"price":"0.00011495","quantity":"5.0","side":"buy","timestamp":"2021-04-17T16:32:39.678Z"},{"id":1201279292,"price":"0.00011496","quantity":"2.7","side":"buy","timestamp":"2021-04-17T16:32:39.678Z"},{"id":1201279293,"price":"0.00011500","quantity":"3.7","side":"buy","timestamp":"2021-04-17T16:32:39.678Z"},{"id":1201279294,"price":"0.00011542","quantity":"2.6","side":"buy","timestamp":"2021-04-17T16:32:39.678Z"},{"id":1201279295,"price":"0.00011543","quantity":"71.7","side":"buy","timestamp":"2021-04-17T16:32:39.678Z"},{"id":1201279311,"price":"0.00011461","quantity":"1.9","side":"buy","timestamp":"2021-04-17T16:32:40.292Z"},{"id":1201279823,"price":"0.00011486","quantity":"4.3","side":"sell","timestamp":"2021-04-17T16:33:08.515Z"},{"id":1201279909,"price":"0.00011486","quantity":"10.1","side":"sell","timestamp":"2021-04-17T16:33:13.919Z"},{"id":1201279975,"price":"0.00011475","quantity":"5.3","side":"buy","timestamp":"2021-04-17T16:33:19.630Z"},{"id":1201280247,"price":"0.00011481","quantity":"8.2","side":"sell","timestamp":"2021-04-17T16:33:34.475Z"},{"id":1201280447,"price":"0.00011487","quantity":"2.3","side":"sell","timestamp":"2021-04-17T16:33:44.045Z"},{"id":1201280537,"price":"0.00011484","quantity":"2.2","side":"sell","timestamp":"2021-04-17T16:33:50.066Z"},{"id":1201280621,"price":"0.00011487","quantity":"14.4","side":"sell","timestamp":"2021-04-17T16:33:54.806Z"},{"id":1201280813,"price":"0.00011496","quantity":"2.1","side":"sell","timestamp":"2021-04-17T16:34:02.936Z"},{"id":1201280977,"price":"0.00011495","quantity":"28.1","side":"sell","timestamp":"2021-04-17T16:34:11.343Z"},{"id":1201281122,"price":"0.00011476","quantity":"9.8","side":"sell","timestamp":"2021-04-17T16:34:20.137Z"},{"id":1201281294,"price":"0.00011492","quantity":"23.0","side":"sell","timestamp":"2021-04-17T16:34:28.442Z"},{"id":1201281443,"price":"0.00011488","quantity":"2.2","side":"sell","timestamp":"2021-04-17T16:34:38.040Z"},{"id":1201281496,"price":"0.00011482","quantity":"51.2","side":"buy","timestamp":"2021-04-17T16:34:41.240Z"},{"id":1201281569,"price":"0.00011486","quantity":"0.2","side":"sell","timestamp":"2021-04-17T16:34:45.795Z"},{"id":1201281808,"price":"0.00011482","quantity":"6.8","side":"sell","timestamp":"2021-04-17T16:34:59.481Z"},{"id":1201281870,"price":"0.00011487","quantity":"5.5","side":"buy","timestamp":"2021-04-17T16:35:04.467Z"},{"id":1201281951,"price":"0.00011481","quantity":"4.5","side":"buy","timestamp":"2021-04-17T16:35:09.749Z"},{"id":1201282086,"price":"0.00011499","quantity":"6.2","side":"sell","timestamp":"2021-04-17T16:35:16.515Z"},{"id":1201282185,"price":"0.00011500","quantity":"7.6","side":"sell","timestamp":"2021-04-17T16:35:23.152Z"},{"id":1201282236,"price":"0.00011492","quantity":"2.0","side":"sell","timestamp":"2021-04-17T16:35:26.896Z"},{"id":1201282375,"price":"0.00011497","quantity":"10.6","side":"sell","timestamp":"2021-04-17T16:35:32.471Z"},{"id":1201282494,"price":"0.00011491","quantity":"1.8","side":"sell","timestamp":"2021-04-17T16:35:39.630Z"},{"id":1201282677,"price":"0.00011501","quantity":"6.3","side":"sell","timestamp":"2021-04-17T16:35:45.278Z"},{"id":1201282891,"price":"0.00011502","quantity":"25.5","side":"sell","timestamp":"2021-04-17T16:35:59.341Z"},{"id":1201283059,"price":"0.00011504","quantity":"20.2","side":"sell","timestamp":"2021-04-17T16:36:06.234Z"},{"id":1201283151,"price":"0.00011503","quantity":"11.9","side":"sell","timestamp":"2021-04-17T16:36:10.394Z"},{"id":1201283309,"price":"0.00011504","quantity":"19.4","side":"buy","timestamp":"2021-04-17T16:36:17.935Z"},{"id":1201283575,"price":"0.00011505","quantity":"7.1","side":"buy","timestamp":"2021-04-17T16:36:29.389Z"},{"id":1201283725,"price":"0.00011504","quantity":"2.0","side":"buy","timestamp":"2021-04-17T16:36:38.199Z"},{"id":1201283829,"price":"0.00011503","quantity":"14.1","side":"buy","timestamp":"2021-04-17T16:36:45.049Z"},{"id":1201283915,"price":"0.00011506","quantity":"17.1","side":"sell","timestamp":"2021-04-17T16:36:48.463Z"},{"id":1201284001,"price":"0.00011504","quantity":"0.1","side":"buy","timestamp":"2021-04-17T16:36:53.565Z"},{"id":1201284067,"price":"0.00011505","quantity":"52.0","side":"sell","timestamp":"2021-04-17T16:36:56.941Z"},{"id":1201284168,"price":"0.00011502","quantity":"17.4","side":"buy","timestamp":"2021-04-17T16:37:02.028Z"},{"id":1201284452,"price":"0.00011507","quantity":"15.3","side":"sell","timestamp":"2021-04-17T16:37:18.092Z"},{"id":1201285881,"price":"0.00011508","quantity":"42.7","side":"buy","timestamp":"2021-04-17T16:38:45.133Z"},{"id":1201285992,"price":"0.00011499","quantity":"4.5","side":"sell","timestamp":"2021-04-17T16:38:51.637Z"},{"id":1201286141,"price":"0.00011496","quantity":"0.7","side":"sell","timestamp":"2021-04-17T16:39:01.126Z"},{"id":1201286190,"price":"0.00011543","quantity":"4.5","side":"buy","timestamp":"2021-04-17T16:39:04.630Z"},{"id":1201286193,"price":"0.00011543","quantity":"4.5","side":"buy","timestamp":"2021-04-17T16:39:04.635Z"},{"id":1201286196,"price":"0.00011543","quantity":"4.5","side":"buy","timestamp":"2021-04-17T16:39:04.641Z"},{"id":1201286203,"price":"0.00011543","quantity":"2.7","side":"buy","timestamp":"2021-04-17T16:39:04.743Z"},{"id":1201286549,"price":"0.00011538","quantity":"1.0","side":"sell","timestamp":"2021-04-17T16:39:20.877Z"},{"id":1201286695,"price":"0.00011522","quantity":"1.2","side":"buy","timestamp":"2021-04-17T16:39:30.519Z"},{"id":1201287250,"price":"0.00011539","quantity":"11.0","side":"sell","timestamp":"2021-04-17T16:40:06.679Z"},{"id":1201287951,"price":"0.00011540","quantity":"18.8","side":"sell","timestamp":"2021-04-17T16:40:47.476Z"},{"id":1201290141,"price":"0.00011542","quantity":"0.8","side":"sell","timestamp":"2021-04-17T16:43:03.991Z"},{"id":1201290232,"price":"0.00011529","quantity":"9.4","side":"sell","timestamp":"2021-04-17T16:43:08.321Z"},{"id":1201290343,"price":"0.00011526","quantity":"7.4","side":"sell","timestamp":"2021-04-17T16:43:15.476Z"},{"id":1201290470,"price":"0.00011527","quantity":"9.3","side":"buy","timestamp":"2021-04-17T16:43:21.667Z"},{"id":1201290606,"price":"0.00011531","quantity":"1.6","side":"sell","timestamp":"2021-04-17T16:43:28.701Z"},{"id":1201290758,"price":"0.00011534","quantity":"0.5","side":"buy","timestamp":"2021-04-17T16:43:36.886Z"},{"id":1201290860,"price":"0.00011507","quantity":"2.0","side":"sell","timestamp":"2021-04-17T16:43:40.189Z"},{"id":1201290963,"price":"0.00011530","quantity":"19.2","side":"sell","timestamp":"2021-04-17T16:43:44.450Z"},{"id":1201291082,"price":"0.00011529","quantity":"0.2","side":"sell","timestamp":"2021-04-17T16:43:52.452Z"},{"id":1201291257,"price":"0.00011507","quantity":"0.3","side":"sell","timestamp":"2021-04-17T16:44:00.339Z"},{"id":1201291348,"price":"0.00011573","quantity":"0.6","side":"buy","timestamp":"2021-04-17T16:44:05.620Z"},{"id":1201291349,"price":"0.00011573","quantity":"0.8","side":"buy","timestamp":"2021-04-17T16:44:05.620Z"},{"id":1201291352,"price":"0.00011573","quantity":"0.1","side":"buy","timestamp":"2021-04-17T16:44:05.627Z"},{"id":1201291354,"price":"0.00011521","quantity":"6.2","side":"sell","timestamp":"2021-04-17T16:44:05.719Z"},{"id":1201291545,"price":"0.00011598","quantity":"54.7","side":"buy","timestamp":"2021-04-17T16:44:14.424Z"},{"id":1201291722,"price":"0.00011578","quantity":"3.9","side":"sell","timestamp":"2021-04-17T16:44:23.284Z"},{"id":1201291871,"price":"0.00011558","quantity":"35.9","side":"buy","timestamp":"2021-04-17T16:44:32.468Z"},{"id":1201291930,"price":"0.00011540","quantity":"0.4","side":"buy","timestamp":"2021-04-17T16:44:36.689Z"},{"id":1201292091,"price":"0.00011605","quantity":"1.2","side":"buy","timestamp":"2021-04-17T16:44:45.292Z"},{"id":1201292253,"price":"0.00011537","quantity":"4.9","side":"sell","timestamp":"2021-04-17T16:44:53.236Z"},{"id":1201292373,"price":"0.00011610","quantity":"56.7","side":"sell","timestamp":"2021-04-17T16:45:00.402Z"},{"id":1201292440,"price":"0.00011561","quantity":"32.2","side":"buy","timestamp":"2021-04-17T16:45:04.726Z"},{"id":1201292651,"price":"0.00011557","quantity":"7.8","side":"buy","timestamp":"2021-04-17T16:45:13.781Z"},{"id":1201292738,"price":"0.00011601","quantity":"98.9","side":"buy","timestamp":"2021-04-17T16:45:18.211Z"},{"id":1201292833,"price":"0.00011551","quantity":"91.4","side":"buy","timestamp":"2021-04-17T16:45:23.754Z"},{"id":1201292970,"price":"0.00011575","quantity":"0.5","side":"sell","timestamp":"2021-04-17T16:45:30.335Z"},{"id":1201293056,"price":"0.00011551","quantity":"40.0","side":"buy","timestamp":"2021-04-17T16:45:35.711Z"},{"id":1201293253,"price":"0.00011594","quantity":"70.0","side":"sell","timestamp":"2021-04-17T16:45:45.049Z"},{"id":1201293440,"price":"0.00011594","quantity":"92.8","side":"buy","timestamp":"2021-04-17T16:45:51.947Z"},{"id":1201293611,"price":"0.00011559","quantity":"50.0","side":"buy","timestamp":"2021-04-17T16:45:59.615Z"},{"id":1201293774,"price":"0.00011566","quantity":"68.3","side":"buy","timestamp":"2021-04-17T16:46:08.878Z"},{"id":1201293853,"price":"0.00011605","quantity":"38.2","side":"buy","timestamp":"2021-04-17T16:46:12.655Z"}],"symbol":"XTZBTC"}}
1618677974.830183: {"jsonrpc":"2.0","method":"ticker","params":{"ask":"0.0000006161","bid":"0.0000006010","last":"0.0000006010","open":"0.0000006817","low":"0.0000005592","high":"0.0000006500","volume":"466","volumeQuote":"0.0002749626","timestamp":"2021-04-17T16:46:11.000Z","symbol":"ACDBTC"}}
1618677974.830216: {"jsonrpc":"2.0","method":"ticker","params":{"ask":"0.2195408","bid":"0.2182933","last":"0.2174883","open":"0.2128424","low":"0.2071403","high":"0.2210542","volume":"12.06","volumeQuote":"2.603434678","timestamp":"2021-04-17T16:46:12.372Z","symbol":"BNBETH"}}
1618677974.830241: {"jsonrpc":"2.0","method":"snapshotTrades","params":{"data":[{"id":1191374242,"price":"0.0000014053","quantity":"8","side":"sell","timestamp":"2021-04-11T12:29:10.677Z"},{"id":1192377657,"price":"0.0000013994","quantity":"1","side":"buy","timestamp":"2021-04-12T08:02:13.490Z"},{"id":1192508219,"price":"0.0000013786","quantity":"8","side":"sell","timestamp":"2021-04-12T10:02:26.939Z"},{"id":1192532482,"price":"0.0000013786","quantity":"2","side":"sell","timestamp":"2021-04-12T10:23:19.781Z"},{"id":1192537457,"price":"0.0000013525","quantity":"10","side":"sell","timestamp":"2021-04-12T10:28:02.418Z"},{"id":1192703040,"price":"0.0000013269","quantity":"10","side":"sell","timestamp":"2021-04-12T13:25:45.388Z"},{"id":1192703041,"price":"0.0000013017","quantity":"1","side":"sell","timestamp":"2021-04-12T13:25:45.388Z"},{"id":1192703044,"price":"0.0000013017","quantity":"9","side":"sell","timestamp":"2021-04-12T13:25:45.472Z"},{"id":1192703045,"price":"0.0000012771","quantity":"1","side":"sell","timestamp":"2021-04-12T13:25:45.472Z"},{"id":1192703049,"price":"0.0000012771","quantity":"9","side":"sell","timestamp":"2021-04-12T13:25:45.479Z"},{"id":1192703052,"price":"0.0000012528","quantity":"10","side":"sell","timestamp":"2021-04-12T13:25:45.483Z"},{"id":1192703056,"price":"0.0000012528","quantity":"1","side":"sell","timestamp":"2021-04-12T13:25:45.488Z"},{"id":1192703057,"price":"0.0000012291","quantity":"11","side":"sell","timestamp":"2021-04-12T13:25:45.488Z"},{"id":1192703058,"price":"0.0000012059","quantity":"1","side":"sell","timestamp":"2021-04-12T13:25:45.488Z"},{"id":1192703061,"price":"0.0000012059","quantity":"24","side":"sell","timestamp":"2021-04-12T13:25:45.494Z"},{"id":1192703062,"price":"0.0000012058","quantity":"11","side":"sell","timestamp":"2021-04-12T13:25:45.494Z"},{"id":1192703065,"price":"0.0000011830","quantity":"10","side":"sell","timestamp":"2021-04-12T13:25:45.498Z"},{"id":1192709740,"price":"0.0000011933","quantity":"83","side":"sell","timestamp":"2021-04-12T13:33:45.498Z"},{"id":1192709741,"price":"0.0000011830","quantity":"1","side":"sell","timestamp":"2021-04-12T13:33:45.498Z"},{"id":1192709742,"price":"0.0000011605","quantity":"11","side":"sell","timestamp":"2021-04-12T13:33:45.498Z"},{"id":1192709743,"price":"0.0000011385","quantity":"12","side":"sell","timestamp":"2021-04-12T13:33:45.498Z"},{"id":1192709744,"price":"0.0000011170","quantity":"12","side":"sell","timestamp":"2021-04-12T13:33:45.498Z"},{"id":1192709745,"price":"0.0000010958","quantity":"12","side":"sell","timestamp":"2021-04-12T13:33:45.498Z"},{"id":1192709746,"price":"0.0000010750","quantity":"12","side":"sell","timestamp":"2021-04-12T13:33:45.498Z"},{"id":1192709747,"price":"0.0000010546","quantity":"13","side":"sell","timestamp":"2021-04-12T13:33:45.498Z"},{"id":1192709748,"price":"0.0000010349","quantity":"376","side":"sell","timestamp":"2021-04-12T13:33:45.498Z"},{"id":1192709749,"price":"0.0000010349","quantity":"24","side":"sell","timestamp":"2021-04-12T13:33:45.498Z"},{"id":1192709750,"price":"0.0000010347","quantity":"13","side":"sell","timestamp":"2021-04-12T13:33:45.498Z"},{"id":1192709751,"price":"0.0000010100","quantity":"326","side":"sell","timestamp":"2021-04-12T13:33:45.498Z"},{"id":1192709752,"price":"0.0000010000","quantity":"1000","side":"sell","timestamp":"2021-04-12T13:33:45.498Z"},{"id":1192711875,"price":"0.0000009568","quantity":"495","side":"sell","timestamp":"2021-04-12T13:36:20.579Z"},{"id":1192712185,"price":"0.0000009561","quantity":"270","side":"sell","timestamp":"2021-04-12T13:36:38.558Z"},{"id":1192712186,"price":"0.0000009422","quantity":"297","side":"sell","timestamp":"2021-04-12T13:36:38.558Z"},{"id":1192713368,"price":"0.0000008121","quantity":"460","side":"sell","timestamp":"2021-04-12T13:38:00.379Z"},{"id":1192713377,"price":"0.0000008121","quantity":"126","side":"buy","timestamp":"2021-04-12T13:38:01.529Z"},{"id":1192757710,"price":"0.0000008480","quantity":"13","side":"sell","timestamp":"2021-04-12T14:22:19.055Z"},{"id":1192759864,"price":"0.0000008480","quantity":"529","side":"sell","timestamp":"2021-04-12T14:25:13.623Z"},{"id":1192916990,"price":"0.0000008375","quantity":"1","side":"buy","timestamp":"2021-04-12T17:02:51.519Z"},{"id":1192916991,"price":"0.0000008480","quantity":"365","side":"buy","timestamp":"2021-04-12T17:02:51.519Z"},{"id":1193044636,"price":"0.0000008454","quantity":"1","side":"buy","timestamp":"2021-04-12T19:42:04.830Z"},{"id":1193044637,"price":"0.0000008454","quantity":"7","side":"buy","timestamp":"2021-04-12T19:42:04.830Z"},{"id":1193083306,"price":"0.0000008395","quantity":"1","side":"buy","timestamp":"2021-04-12T20:28:54.135Z"},{"id":1193083307,"price":"0.0000008395","quantity":"169","side":"buy","timestamp":"2021-04-12T20:28:54.135Z"},{"id":1193188551,"price":"0.0000008395","quantity":"1","side":"buy","timestamp":"2021-04-12T22:39:26.146Z"},{"id":1193188965,"price":"0.0000008395","quantity":"1","side":"buy","timestamp":"2021-04-12T22:39:51.004Z"},{"id":1193189346,"price":"0.0000008395","quantity":"1","side":"buy","timestamp":"2021-04-12T22:40:18.991Z"},{"id":1193196381,"price":"0.0000008395","quantity":"136","side":"buy","timestamp":"2021-04-12T22:49:47.865Z"},{"id":1193263469,"price":"0.0000008392","quantity":"46","side":"buy","timestamp":"2021-04-13T00:05:38.266Z"},{"id":1193287065,"price":"0.0000008392","quantity":"2","side":"buy","timestamp":"2021-04-13T00:32:15.100Z"},{"id":1193432049,"price":"0.0000008392","quantity":"239","side":"buy","timestamp":"2021-04-13T03:36:19.825Z"},{"id":1193461474,"price":"0.0000008392","quantity":"208","side":"buy","timestamp":"2021-04-13T04:15:44.221Z"},{"id":1193461475,"price":"0.0000008395","quantity":"172","side":"buy","timestamp":"2021-04-13T04:15:44.221Z"},{"id":1193509867,"price":"0.0000008451","quantity":"239","side":"buy","timestamp":"2021-04-13T05:18:07.080Z"},{"id":1193562574,"price":"0.0000010100","quantity":"1","side":"buy","timestamp":"2021-04-13T06:14:00.833Z"},{"id":1193562577,"price":"0.0000010100","quantity":"1","side":"buy","timestamp":"2021-04-13T06:14:01.026Z"},{"id":1193567386,"price":"0.0000010085","quantity":"1","side":"buy","timestamp":"2021-04-13T06:18:41.050Z"},{"id":1193567389,"price":"0.0000010100","quantity":"1","side":"buy","timestamp":"2021-04-13T06:18:41.211Z"},{"id":1193630212,"price":"0.0000009618","quantity":"18","side":"sell","timestamp":"2021-04-13T07:17:37.902Z"},{"id":1193869021,"price":"0.0000009677","quantity":"1","side":"sell","timestamp":"2021-04-13T10:33:40.896Z"},{"id":1193912663,"price":"0.0000009677","quantity":"100","side":"buy","timestamp":"2021-04-13T11:19:09.395Z"},{"id":1193930823,"price":"0.0000009118","quantity":"1","side":"sell","timestamp":"2021-04-13T11:36:58.788Z"},{"id":1193930824,"price":"0.0000009082","quantity":"365","side":"sell","timestamp":"2021-04-13T11:36:58.788Z"},{"id":1193938672,"price":"0.0000009082","quantity":"1","side":"buy","timestamp":"2021-04-13T11:43:08.975Z"},{"id":1193938674,"price":"0.0000009082","quantity":"1","side":"buy","timestamp":"2021-04-13T11:43:09.067Z"},{"id":1193947574,"price":"0.0000009082","quantity":"300","side":"buy","timestamp":"2021-04-13T11:51:33.166Z"},{"id":1193988258,"price":"0.0000009082","quantity":"15","side":"buy","timestamp":"2021-04-13T12:28:33.512Z"},{"id":1193988269,"price":"0.0000009082","quantity":"2","side":"buy","timestamp":"2021-04-13T12:28:33.711Z"},{"id":1193988272,"price":"0.0000009082","quantity":"2","side":"buy","timestamp":"2021-04-13T12:28:33.901Z"},{"id":1194062749,"price":"0.0000009082","quantity":"58","side":"buy","timestamp":"2021-04-13T13:44:27.022Z"},{"id":1194103366,"price":"0.0000008803","quantity":"100","side":"sell","timestamp":"2021-04-13T14:28:00.871Z"},{"id":1195857664,"price":"0.0000006806","quantity":"40","side":"sell","timestamp":"2021-04-14T16:13:15.342Z"},{"id":1196795833,"price":"0.0000006769","quantity":"1","side":"buy","timestamp":"2021-04-15T06:36:40.026Z"},{"id":1196979924,"price":"0.0000006767","quantity":"1","side":"buy","timestamp":"2021-04-15T09:38:33.055Z"},{"id":1197246505,"price":"0.0000006769","quantity":"1","side":"sell","timestamp":"2021-04-15T13:54:39.535Z"},{"id":1197250074,"price":"0.0000006769","quantity":"303","side":"sell","timestamp":"2021-04-15T13:58:16.040Z"},{"id":1197250075,"price":"0.0000006600","quantity":"727","side":"sell","timestamp":"2021-04-15T13:58:16.040Z"},{"id":1197250076,"price":"0.0000006501","quantity":"124","side":"sell","timestamp":"2021-04-15T13:58:16.040Z"},{"id":1197250077,"price":"0.0000006500","quantity":"137","side":"sell","timestamp":"2021-04-15T13:58:16.040Z"},{"id":1197396611,"price":"0.0000006756","quantity":"1","side":"buy","timestamp":"2021-04-15T16:06:59.858Z"},{"id":1197397621,"price":"0.0000006803","quantity":"22","side":"buy","timestamp":"2021-04-15T16:07:36.715Z"},{"id":1197399536,"price":"0.0000006803","quantity":"1","side":"buy","timestamp":"2021-04-15T16:08:42.982Z"},{"id":1197405720,"price":"0.0000006803","quantity":"1","side":"buy","timestamp":"2021-04-15T16:13:21.729Z"},{"id":1197405727,"price":"0.0000006803","quantity":"1","side":"buy","timestamp":"2021-04-15T16:13:21.830Z"},{"id":1197422993,"price":"0.0000006745","quantity":"14","side":"buy","timestamp":"2021-04-15T16:27:43.333Z"},{"id":1197423001,"price":"0.0000006745","quantity":"21","side":"buy","timestamp":"2021-04-15T16:27:43.343Z"},{"id":1197446297,"price":"0.0000006692","quantity":"64","side":"buy","timestamp":"2021-04-15T16:47:13.114Z"},{"id":1198115884,"price":"0.0000006533","quantity":"1","side":"sell","timestamp":"2021-04-16T02:00:16.224Z"},{"id":1198115885,"price":"0.0000006500","quantity":"7","side":"sell","timestamp":"2021-04-16T02:00:16.224Z"},{"id":1198719990,"price":"0.0000006500","quantity":"1","side":"sell","timestamp":"2021-04-16T09:29:08.212Z"},{"id":1198733594,"price":"0.0000006500","quantity":"2","side":"sell","timestamp":"2021-04-16T09:37:35.787Z"},{"id":1198807828,"price":"0.0000006500","quantity":"849","side":"sell","timestamp":"2021-04-16T10:35:21.363Z"},{"id":1198928579,"price":"0.0000006652","quantity":"1","side":"buy","timestamp":"2021-04-16T11:48:28.278Z"},{"id":1198928580,"price":"0.0000006655","quantity":"126","side":"buy","timestamp":"2021-04-16T11:48:28.278Z"},{"id":1198928581,"price":"0.0000006817","quantity":"305","side":"buy","timestamp":"2021-04-16T11:48:28.278Z"},{"id":1199906415,"price":"0.0000006500","quantity":"4","side":"sell","timestamp":"2021-04-16T22:41:45.956Z"},{"id":1200420871,"price":"0.0000005794","quantity":"172","side":"sell","timestamp":"2021-04-17T05:25:46.833Z"},{"id":1200420872,"price":"0.0000005592","quantity":"37","side":"sell","timestamp":"2021-04-17T05:25:46.833Z"},{"id":1200422538,"price":"0.0000005984","quantity":"1","side":"buy","timestamp":"2021-04-17T05:27:35.284Z"},{"id":1200422539,"price":"0.0000006000","quantity":"35","side":"buy","timestamp":"2021-04-17T05:27:35.284Z"},{"id":1200617880,"price":"0.0000006010","quantity":"217","side":"sell","timestamp":"2021-04-17T08:05:27.568Z"}],"symbol":"ACDBTC"}}
