wss://futures.kraken.com/ws/v1 <-> 1618678101.113183
wss://futures.kraken.com/ws/v1 <- 1618678101.4928598: {"event":"subscribe","feed":"trade","product_ids":["pi_bchusd","fi_bchusd_210625","fi_xbtusd_210430","fi_xrpusd_210625","fi_ethusd_210924","fi_xbtusd_210924","fi_ethusd_210430","fi_xbtusd_210625","fi_bchusd_210430","fi_ethusd_210625"]}
wss://futures.kraken.com/ws/v1 <- 1618678101.49296: {"event":"subscribe","feed":"ticker_lite","product_ids":["pi_bchusd","fi_bchusd_210625","fi_xbtusd_210430","fi_xrpusd_210625","fi_ethusd_210924","fi_xbtusd_210924","fi_ethusd_210430","fi_xbtusd_210625","fi_bchusd_210430","fi_ethusd_210625"]}
wss://futures.kraken.com/ws/v1 <- 1618678101.4930098: {"event":"subscribe","feed":"book","product_ids":["pi_bchusd","fi_bchusd_210625","fi_xbtusd_210430","fi_xrpusd_210625","fi_ethusd_210924","fi_xbtusd_210924","fi_ethusd_210430","fi_xbtusd_210625","fi_bchusd_210430","fi_ethusd_210625"]}
1618678101.493363: {"event":"info","version":1}
1618678101.603026: {"event":"subscribed","feed":"trade","product_ids":["PI_BCHUSD"]}
1618678101.603057: {"event":"subscribed","feed":"trade","product_ids":["FI_BCHUSD_210625"]}
1618678101.6030679: {"event":"subscribed","feed":"trade","product_ids":["FI_XBTUSD_210430"]}
1618678101.603076: {"event":"subscribed","feed":"trade","product_ids":["FI_XRPUSD_210625"]}
1618678101.603084: {"event":"subscribed","feed":"trade","product_ids":["FI_ETHUSD_210924"]}
1618678101.603092: {"event":"subscribed","feed":"trade","product_ids":["FI_XBTUSD_210924"]}
1618678101.6030982: {"event":"subscribed","feed":"trade","product_ids":["FI_ETHUSD_210430"]}
1618678101.603105: {"event":"subscribed","feed":"trade","product_ids":["FI_XBTUSD_210625"]}
1618678101.603112: {"event":"subscribed","feed":"trade","product_ids":["FI_BCHUSD_210430"]}
1618678101.6031191: {"event":"subscribed","feed":"trade","product_ids":["FI_ETHUSD_210625"]}
1618678101.603125: {"event":"subscribed","feed":"ticker_lite","product_ids":["PI_BCHUSD"]}
1618678101.603132: {"event":"subscribed","feed":"ticker_lite","product_ids":["FI_BCHUSD_210625"]}
1618678101.6031392: {"event":"subscribed","feed":"ticker_lite","product_ids":["FI_XBTUSD_210430"]}
1618678101.603146: {"event":"subscribed","feed":"ticker_lite","product_ids":["FI_XRPUSD_210625"]}
1618678101.603153: {"event":"subscribed","feed":"ticker_lite","product_ids":["FI_ETHUSD_210924"]}
1618678101.603159: {"event":"subscribed","feed":"ticker_lite","product_ids":["FI_XBTUSD_210924"]}
1618678101.603165: {"event":"subscribed","feed":"ticker_lite","product_ids":["FI_ETHUSD_210430"]}
1618678101.603172: {"event":"subscribed","feed":"ticker_lite","product_ids":["FI_XBTUSD_210625"]}
1618678101.603178: {"event":"subscribed","feed":"ticker_lite","product_ids":["FI_BCHUSD_210430"]}
1618678101.6031842: {"event":"subscribed","feed":"ticker_lite","product_ids":["FI_ETHUSD_210625"]}
1618678101.6031911: {"event":"subscribed","feed":"book","product_ids":["PI_BCHUSD"]}
1618678101.603198: {"event":"subscribed","feed":"book","product_ids":["FI_BCHUSD_210625"]}
1618678101.603204: {"event":"subscribed","feed":"book","product_ids":["FI_XBTUSD_210430"]}
1618678101.603211: {"event":"subscribed","feed":"book","product_ids":["FI_XRPUSD_210625"]}
1618678101.603217: {"event":"subscribed","feed":"book","product_ids":["FI_ETHUSD_210924"]}
1618678101.603223: {"event":"subscribed","feed":"book","product_ids":["FI_XBTUSD_210924"]}
1618678101.60323: {"event":"subscribed","feed":"book","product_ids":["FI_ETHUSD_210430"]}
1618678101.6032362: {"event":"subscribed","feed":"book","product_ids":["FI_XBTUSD_210625"]}
1618678101.603243: {"event":"subscribed","feed":"book","product_ids":["FI_BCHUSD_210430"]}
1618678101.6032488: {"event":"subscribed","feed":"book","product_ids":["FI_ETHUSD_210625"]}
1618678101.694654: {"feed":"trade_snapshot","product_id":"PI_BCHUSD","trades":[{"feed":"trade","product_id":"PI_BCHUSD","uid":"e706a8bd-f88d-4ef6-8d39-4454a1a691bb","side":"sell","type":"fill","seq":28479,"time":1618678093132,"qty":262.0,"price":1062.6},{"feed":"trade","product_id":"PI_BCHUSD","uid":"63119516-0aef-4be5-a280-8bec9a5fa04d","side":"buy","type":"fill","seq":28478,"time":1618678027786,"qty":3964.0,"price":1062.2},{"feed":"trade","product_id":"PI_BCHUSD","uid":"85d6eac2-2b1d-48fc-a267-a48a9a97e761","side":"buy","type":"fill","seq":28477,"time":1618678027786,"qty":400.0,"price":1062.2},{"feed":"trade","product_id":"PI_BCHUSD","uid":"a8c44bc4-9d90-4603-b768-4779892e01da","side":"buy","type":"fill","seq":28476,"time":1618678027785,"qty":800.0,"price":1062.2},{"feed":"trade","product_id":"PI_BCHUSD","uid":"5da9e63b-c282-4a88-bcd9-7a04b29f40c2","side":"buy","type":"fill","seq":28475,"time":1618678027777,"qty":1200.0,"price":1062.2},{"feed":"trade","product_id":"PI_BCHUSD","uid":"7df62eec-b535-4385-ba1d-db0c8511ea54","side":"buy","type":"fill","seq":28474,"time":1618678027755,"qty":200.0,"price":1062.2},{"feed":"trade","product_id":"PI_BCHUSD","uid":"cff1bd61-ac75-4aad-8dbd-53e0755d4786","side":"sell","type":"fill","seq":28473,"time":1618678014267,"qty":3600.0,"price":1061.2},{"feed":"trade","product_id":"PI_BCHUSD","uid":"30f3dbb7-5d66-471f-ac2c-cb512b76296b","side":"sell","type":"fill","seq":28472,"time":1618677965828,"qty":50.0,"price":1062.3},{"feed":"trade","product_id":"PI_BCHUSD","uid":"b80d5cf7-947b-478a-910f-0e60ba2227ab","side":"buy","type":"fill","seq":28471,"time":1618677960798,"qty":50.0,"price":1063.4},{"feed":"trade","product_id":"PI_BCHUSD","uid":"d2a47991-9f8d-4cfe-88b9-c5bbc421a6df","side":"sell","type":"fill","seq":28470,"time":1618677853875,"qty":50.0,"price":1059.1},{"feed":"trade","product_id":"PI_BCHUSD","uid":"a99c6a0c-00ff-44cd-9ebf-eeb760b64cc7","side":"sell","type":"fill","seq":28469,"time":1618677840424,"qty":183.0,"price":1057.2},{"feed":"trade","product_id":"PI_BCHUSD","uid":"368c3f2b-2169-4723-9c0f-c4fdf9726c78","side":"buy","type":"fill","seq":28468,"time":1618677840048,"qty":50.0,"price":1058.0},{"feed":"trade","product_id":"PI_BCHUSD","uid":"bcd7cf71-58b1-456a-8bc5-573f981f7e9a","side":"sell","type":"fill","seq":28467,"time":1618677751027,"qty":500.0,"price":1056.1},{"feed":"trade","product_id":"PI_BCHUSD","uid":"42fb07a1-5133-43be-810c-68fc22f8257d","side":"sell","type":"fill","seq":28466,"time":1618677751023,"qty":200.0,"price":1056.1},{"feed":"trade","product_id":"PI_BCHUSD","uid":"63d2c6ea-a8b4-45f6-8d47-af20ee6fd861","side":"sell","type":"fill","seq":28465,"time":1618677751016,"qty":1100.0,"price":1056.1},{"feed":"trade","product_id":"PI_BCHUSD","uid":"11fa6d6b-4098-438b-88db-9e21c0258890","side":"sell","type":"fill","seq":28464,"time":1618677751002,"qty":700.0,"price":1056.1},{"feed":"trade","product_id":"PI_BCHUSD","uid":"3230d9a4-2e79-4df5-a4d2-f25ff1e49620","side":"sell","type":"fill","seq":28463,"time":1618677751002,"qty":900.0,"price":1056.1},{"feed":"trade","product_id":"PI_BCHUSD","uid":"02ec5d03-5f43-40f7-8dd3-b05d737a848d","side":"sell","type":"fill","seq":28462,"time":1618677751002,"qty":1200.0,"price":1056.1},{"feed":"trade","product_id":"PI_BCHUSD","uid":"75d24580-f0c6-4814-86cb-b48561fda967","side":"sell","type":"fill","seq":28461,"time":1618677751001,"qty":800.0,"price":1056.1},{"feed":"trade","product_id":"PI_BCHUSD","uid":"10b68137-7f84-4cbb-9508-b6e3b6fd6af1","side":"sell","type":"fill","seq":28460,"time":1618677750999,"qty":1000.0,"price":1056.1},{"feed":"trade","product_id":"PI_BCHUSD","uid":"97f11555-c076-41c6-9656-d38a8713c023","side":"sell","type":"fill","seq":28459,"time":1618677750996,"qty":1600.0,"price":1056.1},{"feed":"trade","product_id":"PI_BCHUSD","uid":"a09067e7-8436-4e84-b51b-de7706d12f84","side":"sell","type":"fill","seq":28458,"time":1618677750994,"qty":1687.0,"price":1056.1},{"feed":"trade","product_id":"PI_BCHUSD","uid":"17107348-82a4-4398-8161-5b6ac6f70e6d","side":"sell","type":"fill","seq":28457,"time":1618677750994,"qty":1800.0,"price":1056.1},{"feed":"trade","product_id":"PI_BCHUSD","uid":"7b84e54f-21e5-41ca-aace-2fab29f1aa81","side":"buy","type":"fill","seq":28456,"time":1618677737958,"qty":4987.0,"price":1055.7},{"feed":"trade","product_id":"PI_BCHUSD","uid":"14d03c81-74f5-4bf7-9f80-f34b539500df","side":"buy","type":"fill","seq":28455,"time":1618677737544,"qty":700.0,"price":1055.2},{"feed":"trade","product_id":"PI_BCHUSD","uid":"21a10669-0cbc-4ede-bdf3-29f02d25a57e","side":"buy","type":"fill","seq":28454,"time":1618677737544,"qty":6100.0,"price":1055.2},{"feed":"trade","product_id":"PI_BCHUSD","uid":"6adcb578-6ab1-4ad8-b521-9e6614c0e7c7","side":"buy","type":"fill","seq":28453,"time":1618677737543,"qty":1527.0,"price":1055.2},{"feed":"trade","product_id":"PI_BCHUSD","uid":"799c4e51-5ccd-4003-9136-0d27c90989be","side":"sell","type":"fill","seq":28452,"time":1618677646473,"qty":50.0,"price":1051.1},{"feed":"trade","product_id":"PI_BCHUSD","uid":"cc0426fe-983a-477a-bb54-7f42351c54fe","side":"buy","type":"fill","seq":28451,"time":1618677571904,"qty":2000.0,"price":1056.6},{"feed":"trade","product_id":"PI_BCHUSD","uid":"19d87389-b696-4855-9932-190860756eb4","side":"sell","type":"fill","seq":28450,"time":1618677558758,"qty":50.0,"price":1055.6},{"feed":"trade","product_id":"PI_BCHUSD","uid":"d6fc4213-8e6c-406a-9c6a-0bd79c6f8da2","side":"buy","type":"fill","seq":28449,"time":1618677547166,"qty":1273.0,"price":1055.9},{"feed":"trade","product_id":"PI_BCHUSD","uid":"b1f40d74-7a3d-4a1a-935e-c5ff39c0e4be","side":"buy","type":"fill","seq":28448,"time":1618677547166,"qty":1700.0,"price":1055.9},{"feed":"trade","product_id":"PI_BCHUSD","uid":"d9f72775-7f9c-4a0b-be1e-b37c1ccc3717","side":"buy","type":"fill","seq":28447,"time":1618677547165,"qty":1000.0,"price":1055.9},{"feed":"trade","product_id":"PI_BCHUSD","uid":"fdc8294e-ed81-4b0a-aa1a-505ff56b09bb","side":"buy","type":"fill","seq":28446,"time":1618677547161,"qty":1911.0,"price":1055.9},{"feed":"trade","product_id":"PI_BCHUSD","uid":"07cdbe34-a5ee-4599-8d62-3c6844d92b30","side":"buy","type":"fill","seq":28445,"time":1618677546501,"qty":50.0,"price":1055.5},{"feed":"trade","product_id":"PI_BCHUSD","uid":"a6f07107-d4b1-4977-aa46-3d1eea4bb2c4","side":"sell","type":"fill","seq":28444,"time":1618677535373,"qty":50.0,"price":1054.0},{"feed":"trade","product_id":"PI_BCHUSD","uid":"80ffbd6f-4181-4a69-ab2a-adc517f54d3f","side":"buy","type":"fill","seq":28443,"time":1618677448992,"qty":50.0,"price":1053.2},{"feed":"trade","product_id":"PI_BCHUSD","uid":"dc5d808d-b888-4041-9acf-6cedb67b37e4","side":"sell","type":"fill","seq":28442,"time":1618677442280,"qty":50.0,"price":1052.2},{"feed":"trade","product_id":"PI_BCHUSD","uid":"743fbb18-84a2-479f-b413-fb87ce6d659a","side":"buy","type":"fill","seq":28441,"time":1618677436367,"qty":1089.0,"price":1054.6},{"feed":"trade","product_id":"PI_BCHUSD","uid":"67a42cc9-9f10-4754-abd9-c71af0d28e60","side":"buy","type":"fill","seq":28440,"time":1618677436352,"qty":800.0,"price":1054.6},{"feed":"trade","product_id":"PI_BCHUSD","uid":"5da8e7b0-a5b4-4bc9-9c03-9f19a21584cd","side":"buy","type":"fill","seq":28439,"time":1618677436345,"qty":700.0,"price":1054.6},{"feed":"trade","product_id":"PI_BCHUSD","uid":"60f45361-5115-4b25-b69e-acc103927072","side":"buy","type":"fill","seq":28438,"time":1618677436344,"qty":400.0,"price":1054.6},{"feed":"trade","product_id":"PI_BCHUSD","uid":"4a9b4072-f10a-4728-a8bd-701c82e57830","side":"buy","type":"fill","seq":28437,"time":1618677436343,"qty":1200.0,"price":1054.6},{"feed":"trade","product_id":"PI_BCHUSD","uid":"792c93ba-1282-49c6-af50-209d24fb56a0","side":"buy","type":"fill","seq":28436,"time":1618677436343,"qty":200.0,"price":1054.6},{"feed":"trade","product_id":"PI_BCHUSD","uid":"01cf31f4-effe-45c2-bd0c-c049d03cdf1a","side":"buy","type":"fill","seq":28435,"time":1618677436340,"qty":604.0,"price":1054.6},{"feed":"trade","product_id":"PI_BCHUSD","uid":"d31afd4b-02c3-4ec1-ad42-35d7981bb630","side":"buy","type":"fill","seq":28434,"time":1618677435984,"qty":50.0,"price":1054.3},{"feed":"trade","product_id":"PI_BCHUSD","uid":"1bb4e9ab-5e3d-4ff0-8d6c-97b131611ff9","side":"sell","type":"fill","seq":28433,"time":1618677429026,"qty":454.0,"price":1053.8},{"feed":"trade","product_id":"PI_BCHUSD","uid":"0bcba6b7-1060-4e65-9516-1b04369b48a9","side":"sell","type":"fill","seq":28432,"time":1618677429008,"qty":300.0,"price":1053.8},{"feed":"trade","product_id":"PI_BCHUSD","uid":"df6d6a32-0fed-4c60-9759-406f33a89770","side":"sell","type":"fill","seq":28431,"time":1618677429007,"qty":200.0,"price":1053.8},{"feed":"trade","product_id":"PI_BCHUSD","uid":"2f9ddece-f820-4801-a9db-6af9e63c52db","side":"sell","type":"fill","seq":28430,"time":1618677429006,"qty":100.0,"price":1053.8},{"feed":"trade","product_id":"PI_BCHUSD","uid":"58fed0a7-59ec-4039-8d19-e7d8f3508c0d","side":"sell","type":"fill","seq":28429,"time":1618677429004,"qty":400.0,"price":1053.8},{"feed":"trade","product_id":"PI_BCHUSD","uid":"2bc3afa6-47e7-4089-81af-d79a38bef4da","side":"sell","type":"fill","seq":28428,"time":1618677429004,"qty":700.0,"price":1053.8},{"feed":"trade","product_id":"PI_BCHUSD","uid":"11163162-8d61-4eb8-9096-14fa3d2286eb","side":"sell","type":"fill","seq":28427,"time":1618677428994,"qty":2400.0,"price":1053.8},{"feed":"trade","product_id":"PI_BCHUSD","uid":"52116a77-4f78-41d8-9ff2-317be090c8af","side":"sell","type":"fill","seq":28426,"time":1618677428993,"qty":500.0,"price":1053.8},{"feed":"trade","product_id":"PI_BCHUSD","uid":"e32828fe-7326-4503-8219-2baf798da751","side":"sell","type":"fill","seq":28425,"time":1618677428993,"qty":300.0,"price":1053.8},{"feed":"trade","product_id":"PI_BCHUSD","uid":"94ca566d-3968-4949-aa15-beb42bfc3a3f","side":"sell","type":"fill","seq":28424,"time":1618677428988,"qty":800.0,"price":1053.8},{"feed":"trade","product_id":"PI_BCHUSD","uid":"74783eb6-0f72-47e7-bd8e-cbc18956d506","side":"sell","type":"fill","seq":28423,"time":1618677428988,"qty":1812.0,"price":1053.8},{"feed":"trade","product_id":"PI_BCHUSD","uid":"e0b07189-1038-4b06-8fed-d46b1114293f","side":"sell","type":"fill","seq":28422,"time":1618677419916,"qty":50.0,"price":1053.1},{"feed":"trade","product_id":"PI_BCHUSD","uid":"57227af8-dd59-4471-85ff-0eaa50683dee","side":"buy","type":"fill","seq":28421,"time":1618677415379,"qty":1162.0,"price":1054.8},{"feed":"trade","product_id":"PI_BCHUSD","uid":"229fc80d-a960-48b0-b186-c7913608249b","side":"buy","type":"fill","seq":28420,"time":1618677415369,"qty":1600.0,"price":1054.8},{"feed":"trade","product_id":"PI_BCHUSD","uid":"8a59ad95-e9ce-401e-aed2-9132ba18d6fd","side":"buy","type":"fill","seq":28419,"time":1618677415360,"qty":500.0,"price":1054.8},{"feed":"trade","product_id":"PI_BCHUSD","uid":"ae09a3e6-de83-46c4-ab75-14053e95ca31","side":"buy","type":"fill","seq":28418,"time":1618677414209,"qty":100.0,"price":1055.1},{"feed":"trade","product_id":"PI_BCHUSD","uid":"8e827f2b-8657-499e-b230-a202e556f45f","side":"buy","type":"fill","seq":28417,"time":1618677414205,"qty":600.0,"price":1055.1},{"feed":"trade","product_id":"PI_BCHUSD","uid":"ebeae903-f315-4c4f-acd7-7e7fa85873df","side":"buy","type":"fill","seq":28416,"time":1618677414203,"qty":900.0,"price":1055.1},{"feed":"trade","product_id":"PI_BCHUSD","uid":"a5d30e42-cf4f-4884-b64b-edf7f49716b6","side":"buy","type":"fill","seq":28415,"time":1618677414201,"qty":100.0,"price":1055.1},{"feed":"trade","product_id":"PI_BCHUSD","uid":"8c06e0e6-1a69-44a7-a7cf-588941b92e5b","side":"buy","type":"fill","seq":28414,"time":1618677414200,"qty":800.0,"price":1055.1},{"feed":"trade","product_id":"PI_BCHUSD","uid":"b3f466cb-211d-4f3e-b6a5-68690a62dfe0","side":"buy","type":"fill","seq":28413,"time":1618677414193,"qty":300.0,"price":1055.1},{"feed":"trade","product_id":"PI_BCHUSD","uid":"41f98ff1-c029-438f-8dae-e62bf0c3d428","side":"buy","type":"fill","seq":28412,"time":1618677414190,"qty":908.0,"price":1055.1},{"feed":"trade","product_id":"PI_BCHUSD","uid":"4ebff4af-d43b-4320-8096-66a9823178b8","side":"buy","type":"fill","seq":28411,"time":1618677414190,"qty":500.0,"price":1055.1},{"feed":"trade","product_id":"PI_BCHUSD","uid":"5a078a08-7d4a-49aa-b8ee-7b7fee9eb9d4","side":"buy","type":"fill","seq":28410,"time":1618677408996,"qty":50.0,"price":1052.6},{"feed":"trade","product_id":"PI_BCHUSD","uid":"55fa58ff-0323-40d4-8a26-18a610742650","side":"sell","type":"fill","seq":28409,"time":1618677401517,"qty":50.0,"price":1052.4},{"feed":"trade","product_id":"PI_BCHUSD","uid":"b9468b09-6f73-44ec-a6bc-80e26adb1803","side":"buy","type":"fill","seq":28408,"time":1618677355858,"qty":50.0,"price":1050.7},{"feed":"trade","product_id":"PI_BCHUSD","uid":"fcc3e805-674b-4ea5-8414-bc8d8f1e9fa2","side":"buy","type":"fill","seq":28407,"time":1618677354891,"qty":3686.0,"price":1050.7},{"feed":"trade","product_id":"PI_BCHUSD","uid":"63fc249d-f78b-4b8b-883b-c77f4a11e432","side":"buy","type":"fill","seq":28406,"time":1618677354890,"qty":500.0,"price":1050.7},{"feed":"trade","product_id":"PI_BCHUSD","uid":"4cb7404e-5903-4274-b8d0-92f53341ae30","side":"buy","type":"fill","seq":28405,"time":1618677354874,"qty":1500.0,"price":1050.7},{"feed":"trade","product_id":"PI_BCHUSD","uid":"9d0936a6-b40c-46ca-b9af-21556d24d437","side":"buy","type":"fill","seq":28404,"time":1618677345760,"qty":50.0,"price":1052.3},{"feed":"trade","product_id":"PI_BCHUSD","uid":"fbbbd1f8-6909-4b79-a640-efe5190b55b9","side":"sell","type":"fill","seq":28403,"time":1618677340404,"qty":86.0,"price":1053.0},{"feed":"trade","product_id":"PI_BCHUSD","uid":"3b84e322-03ef-46ef-a467-93ae55ae2b95","side":"sell","type":"fill","seq":28402,"time":1618677340404,"qty":414.0,"price":1053.0},{"feed":"trade","product_id":"PI_BCHUSD","uid":"e6e36389-6d2b-4c13-bd76-3b1a4db374a9","side":"sell","type":"fill","seq":28401,"time":1618677340404,"qty":2700.0,"price":1053.0},{"feed":"trade","product_id":"PI_BCHUSD","uid":"69b7e556-4504-4b60-85e8-3f97da28c133","side":"sell","type":"fill","seq":28400,"time":1618677340404,"qty":1892.0,"price":1053.0},{"feed":"trade","product_id":"PI_BCHUSD","uid":"3586850e-3e18-4b02-9e93-b449e3a5573f","side":"sell","type":"fill","seq":28399,"time":1618677340336,"qty":86.0,"price":1053.7},{"feed":"trade","product_id":"PI_BCHUSD","uid":"64cfff34-1462-4300-bb3b-1a2ca17bba8c","side":"sell","type":"fill","seq":28398,"time":1618677340319,"qty":86.0,"price":1053.8},{"feed":"trade","product_id":"PI_BCHUSD","uid":"78a857df-b4cf-4835-b440-b83e0fab6004","side":"sell","type":"fill","seq":28397,"time":1618677340319,"qty":80.0,"price":1053.8},{"feed":"trade","product_id":"PI_BCHUSD","uid":"e935cb55-3797-4bf1-9b3b-d8ad2ef730b0","side":"sell","type":"fill","seq":28396,"time":1618677340317,"qty":500.0,"price":1053.8},{"feed":"trade","product_id":"PI_BCHUSD","uid":"60c22d97-f9fb-44c4-b9d0-2384cff5a287","side":"sell","type":"fill","seq":28395,"time":1618677340317,"qty":400.0,"price":1053.8},{"feed":"trade","product_id":"PI_BCHUSD","uid":"25c49951-6694-42e0-8a34-8c84bf95a6ba","side":"sell","type":"fill","seq":28394,"time":1618677340315,"qty":800.0,"price":1053.8},{"feed":"trade","product_id":"PI_BCHUSD","uid":"41ee97c9-557d-48b5-a11c-78c0ef2e1fcb","side":"sell","type":"fill","seq":28393,"time":1618677340314,"qty":200.0,"price":1053.8},{"feed":"trade","product_id":"PI_BCHUSD","uid":"5a60b29e-dce4-4c38-a35b-6b66e9fde6db","side":"sell","type":"fill","seq":28392,"time":1618677340314,"qty":3022.0,"price":1053.8},{"feed":"trade","product_id":"PI_BCHUSD","uid":"ca2650ae-dd34-4cdc-a544-ce44610e41fc","side":"sell","type":"fill","seq":28391,"time":1618677340198,"qty":1928.0,"price":1054.4},{"feed":"trade","product_id":"PI_BCHUSD","uid":"1260eec9-dc81-4593-9640-56353acd169e","side":"sell","type":"fill","seq":28390,"time":1618677340194,"qty":4400.0,"price":1054.4},{"feed":"trade","product_id":"PI_BCHUSD","uid":"8688d545-bd68-4fdb-b567-5f9bb6cbd3ab","side":"sell","type":"fill","seq":28389,"time":1618677340177,"qty":50.0,"price":1054.5},{"feed":"trade","product_id":"PI_BCHUSD","uid":"1fb748bc-7109-482b-8071-5bc9738f00a7","side":"sell","type":"fill","seq":28388,"time":1618677278921,"qty":500.0,"price":1048.2},{"feed":"trade","product_id":"PI_BCHUSD","uid":"6b10d0b5-5d8c-4f24-98f1-8a573fad1b89","side":"sell","type":"fill","seq":28387,"time":1618677278918,"qty":500.0,"price":1048.2},{"feed":"trade","product_id":"PI_BCHUSD","uid":"4839a969-fbbc-465a-8049-ce2937a35bc6","side":"sell","type":"fill","seq":28386,"time":1618677278918,"qty":600.0,"price":1048.2},{"feed":"trade","product_id":"PI_BCHUSD","uid":"7d8deaab-44c1-4ef1-a885-7e2293b1d7d6","side":"sell","type":"fill","seq":28385,"time":1618677278916,"qty":200.0,"price":1048.2},{"feed":"trade","product_id":"PI_BCHUSD","uid":"7cc630b4-2ec3-4f29-ab67-7a9ca562e220","side":"buy","type":"fill","seq":28384,"time":1618677264098,"qty":3305.0,"price":1045.5},{"feed":"trade","product_id":"PI_BCHUSD","uid":"5d09ee74-08c1-4a64-8323-471e12ca5393","side":"buy","type":"fill","seq":28383,"time":1618677264098,"qty":200.0,"price":1045.5},{"feed":"trade","product_id":"PI_BCHUSD","uid":"1f1a2320-cebc-42f7-91c3-c4ecd932a3b0","side":"buy","type":"fill","seq":28382,"time":1618677263990,"qty":95.0,"price":1045.1},{"feed":"trade","product_id":"PI_BCHUSD","uid":"6ac2cda4-b830-41fd-b20c-44e3a59e34f1","side":"buy","type":"fill","seq":28381,"time":1618677263986,"qty":100.0,"price":1045.1},{"feed":"trade","product_id":"PI_BCHUSD","uid":"24dd0ffe-6aa8-4a8f-b75b-400f89647774","side":"buy","type":"fill","seq":28380,"time":1618677263986,"qty":500.0,"price":1045.1}]}
1618678101.777596: {"feed":"trade_snapshot","product_id":"FI_XRPUSD_210625","trades":[{"feed":"trade","product_id":"FI_XRPUSD_210625","uid":"a186cb3b-242c-44ff-8a75-08d44b4b231e","side":"sell","type":"fill","seq":22053,"time":1618677971163,"qty":50.0,"price":1.7046},{"feed":"trade","product_id":"FI_XRPUSD_210625","uid":"34ec1155-57ee-4722-a52a-3acc368788af","side":"sell","type":"fill","seq":22052,"time":1618677943279,"qty":50.0,"price":1.7083},{"feed":"trade","product_id":"FI_XRPUSD_210625","uid":"b1b7df4c-651d-4dd5-93ba-fc1f8fc8aa8e","side":"buy","type":"fill","seq":22051,"time":1618677936502,"qty":50.0,"price":1.7075},{"feed":"trade","product_id":"FI_XRPUSD_210625","uid":"768d1242-810f-4672-92cd-0e940c9c3d29","side":"sell","type":"fill","seq":22050,"time":1618677853614,"qty":50.0,"price":1.6993},{"feed":"trade","product_id":"FI_XRPUSD_210625","uid":"2ba83a5a-884d-492e-9a6e-9067b8a895f1","side":"buy","type":"fill","seq":22049,"time":1618677835108,"qty":50.0,"price":1.7012},{"feed":"trade","product_id":"FI_XRPUSD_210625","uid":"121a4a4f-8417-4520-9f04-d71539bde0c4","side":"buy","type":"fill","seq":22048,"time":1618677690751,"qty":138.0,"price":1.6833},{"feed":"trade","product_id":"FI_XRPUSD_210625","uid":"63bd7464-5d10-4e6a-bc3f-87969b48a4de","side":"buy","type":"fill","seq":22047,"time":1618677690743,"qty":100.0,"price":1.6833},{"feed":"trade","product_id":"FI_XRPUSD_210625","uid":"270d762c-eb1a-45b6-bdc8-38dda1705ea9","side":"buy","type":"fill","seq":22046,"time":1618677650148,"qty":50.0,"price":1.6805},{"feed":"trade","product_id":"FI_XRPUSD_210625","uid":"09ee7e4d-2d0e-4ae3-9766-a52ec3188913","side":"buy","type":"fill","seq":22045,"time":1618677650003,"qty":300.0,"price":1.6804},{"feed":"trade","product_id":"FI_XRPUSD_210625","uid":"2cb9e9c5-da59-46e0-96c5-da55026edab5","side":"sell","type":"fill","seq":22044,"time":1618677646689,"qty":50.0,"price":1.6814},{"feed":"trade","product_id":"FI_XRPUSD_210625","uid":"af51f414-10fa-40ee-8069-d7b7d66b7753","side":"buy","type":"fill","seq":22043,"time":1618677631246,"qty":50.0,"price":1.6839},{"feed":"trade","product_id":"FI_XRPUSD_210625","uid":"6ec652f7-156e-49b3-97be-6a303762a767","side":"buy","type":"fill","seq":22042,"time":1618677622962,"qty":230.0,"price":1.684},{"feed":"trade","product_id":"FI_XRPUSD_210625","uid":"6fc45bc4-59d4-4baf-b9ec-62dd840bf521","side":"buy","type":"fill","seq":22041,"time":1618677465862,"qty":68.0,"price":1.6853},{"feed":"trade","product_id":"FI_XRPUSD_210625","uid":"cae584da-e02c-4602-9797-bd0a83208ac6","side":"buy","type":"fill","seq":22040,"time":1618677465849,"qty":100.0,"price":1.6853},{"feed":"trade","product_id":"FI_XRPUSD_210625","uid":"22a6e19c-e58b-4977-abcb-e0f05bbdbc14","side":"buy","type":"fill","seq":22039,"time":1618677465848,"qty":200.0,"price":1.6853},{"feed":"trade","product_id":"FI_XRPUSD_210625","uid":"6eadc6d2-8958-4266-888d-b5389275178f","side":"buy","type":"fill","seq":22038,"time":1618677465847,"qty":400.0,"price":1.6853},{"feed":"trade","product_id":"FI_XRPUSD_210625","uid":"bafedb03-6789-45b1-a7d6-e4643e370126","side":"buy","type":"fill","seq":22037,"time":1618677448999,"qty":50.0,"price":1.6845},{"feed":"trade","product_id":"FI_XRPUSD_210625","uid":"888da6a5-1b80-499c-9f97-a813ea0ba45d","side":"sell","type":"fill","seq":22036,"time":1618677445151,"qty":50.0,"price":1.6842},{"feed":"trade","product_id":"FI_XRPUSD_210625","uid":"42b27faa-63b6-4388-bfc0-6c3b0c0c9e4e","side":"buy","type":"fill","seq":22035,"time":1618677433200,"qty":50.0,"price":1.6852},{"feed":"trade","product_id":"FI_XRPUSD_210625","uid":"e026477c-f18f-4f3e-982e-75c5af6653b0","side":"buy","type":"fill","seq":22034,"time":1618677413607,"qty":116.0,"price":1.6884},{"feed":"trade","product_id":"FI_XRPUSD_210625","uid":"fddc099b-dd5b-4765-aee6-623148f2b3ce","side":"buy","type":"fill","seq":22033,"time":1618677413598,"qty":36.0,"price":1.6884},{"feed":"trade","product_id":"FI_XRPUSD_210625","uid":"d86fc992-a984-4fb3-9a87-9946e1d6b2da","side":"buy","type":"fill","seq":22032,"time":1618677413525,"qty":200.0,"price":1.6884},{"feed":"trade","product_id":"FI_XRPUSD_210625","uid":"f33231fd-4dc1-4d8d-853d-1674dca1243f","side":"buy","type":"fill","seq":22031,"time":1618677413511,"qty":100.0,"price":1.6884},{"feed":"trade","product_id":"FI_XRPUSD_210625","uid":"2e178067-2bd6-4a06-bf71-85582e9e27a4","side":"buy","type":"fill","seq":22030,"time":1618677413510,"qty":100.0,"price":1.6884},{"feed":"trade","product_id":"FI_XRPUSD_210625","uid":"c9ad17b1-cd0d-40f0-bc4b-183706624eda","side":"buy","type":"fill","seq":22029,"time":1618677413507,"qty":100.0,"price":1.6884},{"feed":"trade","product_id":"FI_XRPUSD_210625","uid":"4cacdb61-bd5e-4b55-b910-b2c2b20be5da","side":"buy","type":"fill","seq":22028,"time":1618677413460,"qty":116.0,"price":1.6884},{"feed":"trade","product_id":"FI_XRPUSD_210625","uid":"ca7f951f-8e45-4e87-a5d9-c62e4620083c","side":"buy","type":"fill","seq":22027,"time":1618677409822,"qty":100.0,"price":1.6869},{"feed":"trade","product_id":"FI_XRPUSD_210625","uid":"eab9970f-cccc-4b3b-8834-59233f2d8da8","side":"buy","type":"fill","seq":22026,"time":1618677408067,"qty":50.0,"price":1.6848},{"feed":"trade","product_id":"FI_XRPUSD_210625","uid":"63c724b4-9d7c-4fe7-98de-3ab8969e4f1e","side":"sell","type":"fill","seq":22025,"time":1618677403557,"qty":1600.0,"price":1.686},{"feed":"trade","product_id":"FI_XRPUSD_210625","uid":"ffd1a0dc-d49c-4e66-b37b-62c08db34fe9","side":"sell","type":"fill","seq":22024,"time":1618677403011,"qty":66.0,"price":1.686},{"feed":"trade","product_id":"FI_XRPUSD_210625","uid":"1ce9f290-103d-4df8-8bfe-f5a113718de9","side":"sell","type":"fill","seq":22023,"time":1618677403010,"qty":100.0,"price":1.686},{"feed":"trade","product_id":"FI_XRPUSD_210625","uid":"f22a64a9-48b9-4c4b-b3e8-3b14d90c69b0","side":"sell","type":"fill","seq":22022,"time":1618677403007,"qty":100.0,"price":1.686},{"feed":"trade","product_id":"FI_XRPUSD_210625","uid":"1c10a58a-ead1-4e44-85bd-874fca62f657","side":"sell","type":"fill","seq":22021,"time":1618677402998,"qty":100.0,"price":1.686},{"feed":"trade","product_id":"FI_XRPUSD_210625","uid":"82df9b03-8328-4043-9e5d-f180bd7a9213","side":"sell","type":"fill","seq":22020,"time":1618677402934,"qty":100.0,"price":1.686},{"feed":"trade","product_id":"FI_XRPUSD_210625","uid":"d6ac4146-2a19-4f51-826e-5099ed19ca8c","side":"sell","type":"fill","seq":22019,"time":1618677402905,"qty":100.0,"price":1.686},{"feed":"trade","product_id":"FI_XRPUSD_210625","uid":"61601124-39f6-4451-af0f-91332f77d8f2","side":"sell","type":"fill","seq":22018,"time":1618677402898,"qty":200.0,"price":1.686},{"feed":"trade","product_id":"FI_XRPUSD_210625","uid":"244bc12b-0155-42cb-bb46-ba01e0605251","side":"sell","type":"fill","seq":22017,"time":1618677402708,"qty":200.0,"price":1.686},{"feed":"trade","product_id":"FI_XRPUSD_210625","uid":"fdc69bc1-1cf8-414e-802b-3665b6a314a7","side":"sell","type":"fill","seq":22016,"time":1618677402704,"qty":100.0,"price":1.686},{"feed":"trade","product_id":"FI_XRPUSD_210625","uid":"7da080e2-d3d3-4bc0-bf5c-d098cbcc1b4a","side":"sell","type":"fill","seq":22015,"time":1618677402367,"qty":100.0,"price":1.686},{"feed":"trade","product_id":"FI_XRPUSD_210625","uid":"1d70cc61-6334-4ea5-8886-25a4b94a8032","side":"sell","type":"fill","seq":22014,"time":1618677402361,"qty":100.0,"price":1.686},{"feed":"trade","product_id":"FI_XRPUSD_210625","uid":"7be30679-0fe5-49ea-a9ba-be4be51c4065","side":"sell","type":"fill","seq":22013,"time":1618677402228,"qty":200.0,"price":1.686},{"feed":"trade","product_id":"FI_XRPUSD_210625","uid":"23e6a672-ce44-4465-8c33-ae9b0ec826af","side":"sell","type":"fill","seq":22012,"time":1618677402210,"qty":100.0,"price":1.686},{"feed":"trade","product_id":"FI_XRPUSD_210625","uid":"4041d7bc-2a33-46f1-83fb-92845fb6c0fb","side":"sell","type":"fill","seq":22011,"time":1618677402199,"qty":100.0,"price":1.686},{"feed":"trade","product_id":"FI_XRPUSD_210625","uid":"8186ef44-8518-4944-92b5-1dc9d39b9cab","side":"sell","type":"fill","seq":22010,"time":1618677402190,"qty":100.0,"price":1.686},{"feed":"trade","product_id":"FI_XRPUSD_210625","uid":"1b4bb09d-52c8-4bfd-94bc-599a4f4cc6e0","side":"sell","type":"fill","seq":22009,"time":1618677402186,"qty":100.0,"price":1.686},{"feed":"trade","product_id":"FI_XRPUSD_210625","uid":"087a373f-efbb-4f28-b813-0622fab57e00","side":"sell","type":"fill","seq":22008,"time":1618677402180,"qty":100.0,"price":1.686},{"feed":"trade","product_id":"FI_XRPUSD_210625","uid":"a55ca4b9-1964-4d08-ad17-235132adeee4","side":"sell","type":"fill","seq":22007,"time":1618677402152,"qty":100.0,"price":1.686},{"feed":"trade","product_id":"FI_XRPUSD_210625","uid":"44b56bf3-862e-49cf-9936-7b652f3fedda","side":"sell","type":"fill","seq":22006,"time":1618677402148,"qty":100.0,"price":1.686},{"feed":"trade","product_id":"FI_XRPUSD_210625","uid":"c4d27769-2197-4525-818b-7c2931476ca6","side":"sell","type":"fill","seq":22005,"time":1618677401989,"qty":100.0,"price":1.686},{"feed":"trade","product_id":"FI_XRPUSD_210625","uid":"a0c6ae30-ade3-4132-a939-fc0b10c4c340","side":"sell","type":"fill","seq":22004,"time":1618677401930,"qty":100.0,"price":1.686},{"feed":"trade","product_id":"FI_XRPUSD_210625","uid":"47ec68c5-5eca-4411-b9fc-a8392410c67c","side":"sell","type":"fill","seq":22003,"time":1618677401922,"qty":200.0,"price":1.686},{"feed":"trade","product_id":"FI_XRPUSD_210625","uid":"e8a6feea-6bbe-421c-b342-c8c13160d0f6","side":"sell","type":"fill","seq":22002,"time":1618677401920,"qty":100.0,"price":1.686},{"feed":"trade","product_id":"FI_XRPUSD_210625","uid":"ca759eb5-c692-425b-b5b3-3fd31b905ad0","side":"sell","type":"fill","seq":22001,"time":1618677401909,"qty":100.0,"price":1.686},{"feed":"trade","product_id":"FI_XRPUSD_210625","uid":"0d25e847-c325-4cc5-a757-ed30f1b8a987","side":"sell","type":"fill","seq":22000,"time":1618677401889,"qty":100.0,"price":1.686},{"feed":"trade","product_id":"FI_XRPUSD_210625","uid":"53991402-6c6b-4a29-ba78-08c7d8734e87","side":"sell","type":"fill","seq":21999,"time":1618677401829,"qty":100.0,"price":1.686},{"feed":"trade","product_id":"FI_XRPUSD_210625","uid":"967ff0de-ba08-4c41-8761-3b7b97d6313b","side":"sell","type":"fill","seq":21998,"time":1618677401824,"qty":100.0,"price":1.686},{"feed":"trade","product_id":"FI_XRPUSD_210625","uid":"2c50ff8c-029b-4876-9da7-c3d380e3697b","side":"sell","type":"fill","seq":21997,"time":1618677401822,"qty":100.0,"price":1.686},{"feed":"trade","product_id":"FI_XRPUSD_210625","uid":"852278be-3874-45b2-912b-7ac66d48228f","side":"sell","type":"fill","seq":21996,"time":1618677401822,"qty":234.0,"price":1.686},{"feed":"trade","product_id":"FI_XRPUSD_210625","uid":"dcae0bb1-277c-4abd-857f-28627f72b6a9","side":"buy","type":"fill","seq":21995,"time":1618677365201,"qty":50.0,"price":1.6875},{"feed":"trade","product_id":"FI_XRPUSD_210625","uid":"8541a9a6-19b6-4182-8b0f-a5aec023c0aa","side":"sell","type":"fill","seq":21994,"time":1618677361993,"qty":50.0,"price":1.6863},{"feed":"trade","product_id":"FI_XRPUSD_210625","uid":"1aeb155e-6780-49d7-9eab-7f18d7e7f6c9","side":"buy","type":"fill","seq":21993,"time":1618677284650,"qty":100.0,"price":1.6846},{"feed":"trade","product_id":"FI_XRPUSD_210625","uid":"90a0fd1e-a529-4406-8934-a148f0d7d68b","side":"buy","type":"fill","seq":21992,"time":1618677284641,"qty":368.0,"price":1.6846},{"feed":"trade","product_id":"FI_XRPUSD_210625","uid":"168eb3cd-6064-4c9d-8196-0eea9aa3704d","side":"buy","type":"fill","seq":21991,"time":1618677284636,"qty":200.0,"price":1.6846},{"feed":"trade","product_id":"FI_XRPUSD_210625","uid":"d55749d3-31ee-4382-93ba-7cca0bd3c32f","side":"buy","type":"fill","seq":21990,"time":1618677277114,"qty":100.0,"price":1.6845},{"feed":"trade","product_id":"FI_XRPUSD_210625","uid":"5a018a99-436f-4004-b4f6-8bb17e3ed5df","side":"buy","type":"fill","seq":21989,"time":1618677275293,"qty":66.0,"price":1.6838},{"feed":"trade","product_id":"FI_XRPUSD_210625","uid":"538449b7-2146-4e04-8bfd-cc4d9e75e049","side":"buy","type":"fill","seq":21988,"time":1618677275284,"qty":100.0,"price":1.6838},{"feed":"trade","product_id":"FI_XRPUSD_210625","uid":"afe9c219-a773-4d00-8e69-8f0f7e490071","side":"buy","type":"fill","seq":21987,"time":1618677275283,"qty":100.0,"price":1.6838},{"feed":"trade","product_id":"FI_XRPUSD_210625","uid":"0e160d16-1942-49ae-a68b-4f5a9bc18917","side":"buy","type":"fill","seq":21986,"time":1618677275261,"qty":100.0,"price":1.6838},{"feed":"trade","product_id":"FI_XRPUSD_210625","uid":"da915582-867e-4cec-89f0-3fcd21896d6e","side":"buy","type":"fill","seq":21985,"time":1618677275260,"qty":302.0,"price":1.6838},{"feed":"trade","product_id":"FI_XRPUSD_210625","uid":"2d474ce3-418b-47ca-86ad-dffa5aa6b704","side":"buy","type":"fill","seq":21984,"time":1618677267241,"qty":398.0,"price":1.6826},{"feed":"trade","product_id":"FI_XRPUSD_210625","uid":"82fd0ed1-64d1-46ea-b123-aaccdd6664fd","side":"buy","type":"fill","seq":21983,"time":1618677267229,"qty":270.0,"price":1.6826},{"feed":"trade","product_id":"FI_XRPUSD_210625","uid":"d582353f-720f-4f8b-ae7b-8d8bc58f5dac","side":"buy","type":"fill","seq":21982,"time":1618677267229,"qty":100.0,"price":1.6826},{"feed":"trade","product_id":"FI_XRPUSD_210625","uid":"8c2b18bb-0ee2-4a33-b8ae-2f09a52df3dc","side":"buy","type":"fill","seq":21981,"time":1618677261926,"qty":130.0,"price":1.6809},{"feed":"trade","product_id":"FI_XRPUSD_210625","uid":"07129151-0194-45d2-b581-0254196dc5c0","side":"buy","type":"fill","seq":21980,"time":1618677261926,"qty":100.0,"price":1.6809},{"feed":"trade","product_id":"FI_XRPUSD_210625","uid":"b9d62a21-bf2e-4f55-8473-d178aebb33d1","side":"buy","type":"fill","seq":21979,"time":1618677261912,"qty":200.0,"price":1.6809},{"feed":"trade","product_id":"FI_XRPUSD_210625","uid":"83f1e8d1-e63e-4eea-afd3-28c4c0ee6ac2","side":"buy","type":"fill","seq":21978,"time":1618677261845,"qty":100.0,"price":1.6809},{"feed":"trade","product_id":"FI_XRPUSD_210625","uid":"a0f224b6-1796-4177-9fff-a2b1694c2297","side":"buy","type":"fill","seq":21977,"time":1618677261823,"qty":100.0,"price":1.6809},{"feed":"trade","product_id":"FI_XRPUSD_210625","uid":"a4f139e0-d870-4702-9a46-577e9a6f8334","side":"buy","type":"fill","seq":21976,"time":1618677249443,"qty":138.0,"price":1.6796},{"feed":"trade","product_id":"FI_XRPUSD_210625","uid":"a7b082f4-8367-42f8-a6c5-1d4ddc28dc85","side":"buy","type":"fill","seq":21975,"time":1618677223940,"qty":106.0,"price":1.6835},{"feed":"trade","product_id":"FI_XRPUSD_210625","uid":"50a8c860-7d91-4f06-9d05-ad877c7be4a4","side":"buy","type":"fill","seq":21974,"time":1618677223940,"qty":50.0,"price":1.6835},{"feed":"trade","product_id":"FI_XRPUSD_210625","uid":"220ea9b7-7cfa-4d13-a187-2ba85d87ecc3","side":"sell","type":"fill","seq":21973,"time":1618677212937,"qty":79.0,"price":1.6845},{"feed":"trade","product_id":"FI_XRPUSD_210625","uid":"b51b81a1-2a2e-4ec0-a0d7-1f2406a61f79","side":"sell","type":"fill","seq":21972,"time":1618677209643,"qty":539.0,"price":1.6845},{"feed":"trade","product_id":"FI_XRPUSD_210625","uid":"cd0bb4f5-2601-48ac-9a38-733c0655ec48","side":"sell","type":"fill","seq":21971,"time":1618677209441,"qty":904.0,"price":1.6845},{"feed":"trade","product_id":"FI_XRPUSD_210625","uid":"66070920-5a41-43f0-b2c0-5156759a67ac","side":"buy","type":"fill","seq":21970,"time":1618677203403,"qty":106.0,"price":1.6856},{"feed":"trade","product_id":"FI_XRPUSD_210625","uid":"62f63eb1-3d2e-4300-8c1a-ba31759402bb","side":"buy","type":"fill","seq":21969,"time":1618677203387,"qty":100.0,"price":1.6856},{"feed":"trade","product_id":"FI_XRPUSD_210625","uid":"b0e5088d-d649-4517-970f-d3f4443f149a","side":"buy","type":"fill","seq":21968,"time":1618677203387,"qty":100.0,"price":1.6856},{"feed":"trade","product_id":"FI_XRPUSD_210625","uid":"d0196c0b-34b7-4fca-bfc4-3a1e61bddbd9","side":"buy","type":"fill","seq":21967,"time":1618677203380,"qty":156.0,"price":1.6856},{"feed":"trade","product_id":"FI_XRPUSD_210625","uid":"301e5913-3df9-4e08-aa28-34c2773a9bcb","side":"buy","type":"fill","seq":21966,"time":1618677203117,"qty":200.0,"price":1.6856},{"feed":"trade","product_id":"FI_XRPUSD_210625","uid":"a5501ce0-b69a-4fac-8b43-8b66bb4268f6","side":"sell","type":"fill","seq":21965,"time":1618677195583,"qty":56.0,"price":1.6845},{"feed":"trade","product_id":"FI_XRPUSD_210625","uid":"05bb7fad-ef8b-4890-9dc1-fccff1180e0a","side":"sell","type":"fill","seq":21964,"time":1618677195581,"qty":100.0,"price":1.6845},{"feed":"trade","product_id":"FI_XRPUSD_210625","uid":"2a994ed3-6297-4d8d-bcfe-75b4fe36e11b","side":"sell","type":"fill","seq":21963,"time":1618677195577,"qty":100.0,"price":1.6845},{"feed":"trade","product_id":"FI_XRPUSD_210625","uid":"e5f37aeb-46df-4b34-8f07-5e7c5d1f4a39","side":"sell","type":"fill","seq":21962,"time":1618677195576,"qty":300.0,"price":1.6845},{"feed":"trade","product_id":"FI_XRPUSD_210625","uid":"a9cc8d98-596b-486d-b8c8-097b7b401db0","side":"sell","type":"fill","seq":21961,"time":1618677195440,"qty":100.0,"price":1.6845},{"feed":"trade","product_id":"FI_XRPUSD_210625","uid":"817f51ec-b88f-4f31-b9d2-b6a1a68b3627","side":"sell","type":"fill","seq":21960,"time":1618677195437,"qty":100.0,"price":1.6845},{"feed":"trade","product_id":"FI_XRPUSD_210625","uid":"dd3b0747-b374-41b5-8036-7eee013d74a5","side":"sell","type":"fill","seq":21959,"time":1618677195437,"qty":100.0,"price":1.6845},{"feed":"trade","product_id":"FI_XRPUSD_210625","uid":"4bce38b4-cdc8-4e2c-8ed6-faede1b0d51a","side":"sell","type":"fill","seq":21958,"time":1618677195422,"qty":100.0,"price":1.6845},{"feed":"trade","product_id":"FI_XRPUSD_210625","uid":"282ecbb4-ebed-4cf0-bfe6-5b6beb53283b","side":"sell","type":"fill","seq":21957,"time":1618677195396,"qty":100.0,"price":1.6845},{"feed":"trade","product_id":"FI_XRPUSD_210625","uid":"28e016ff-9d96-4f9e-99a0-b507a089f5bd","side":"sell","type":"fill","seq":21956,"time":1618677195396,"qty":200.0,"price":1.6845},{"feed":"trade","product_id":"FI_XRPUSD_210625","uid":"ce941c9c-d076-465b-9f4e-bf29e2e2bdd8","side":"sell","type":"fill","seq":21955,"time":1618677195395,"qty":100.0,"price":1.6845},{"feed":"trade","product_id":"FI_XRPUSD_210625","uid":"ca62ef83-911b-4e99-a662-ef8b3c6dc05e","side":"sell","type":"fill","seq":21954,"time":1618677195394,"qty":100.0,"price":1.6845}]}
1618678101.7781398: {"feed":"ticker_lite","product_id":"PI_BCHUSD","bid":1060.4,"ask":1062.6,"change":-2.406318883174141,"premium":-0.0,"volume":15907386.0,"tag":"perpetual","pair":"BCH:USD","dtm":0,"maturityTime":0}
1618678101.780176: {"feed":"trade_snapshot","product_id":"FI_ETHUSD_210430","trades":[{"feed":"trade","product_id":"FI_ETHUSD_210430","uid":"f014290c-68d9-4ff8-8a86-a5499dc27f16","side":"sell","type":"fill","seq":20771,"time":1618678037960,"qty":50.0,"price":2389.95},{"feed":"trade","product_id":"FI_ETHUSD_210430","uid":"b43f6682-7713-4b9c-99e4-9a9662851d5f","side":"sell","type":"fill","seq":20770,"time":1618678035755,"qty":400.0,"price":2390.5},{"feed":"trade","product_id":"FI_ETHUSD_210430","uid":"3edc8173-19a3-484f-a7de-e7c06dfb5eda","side":"sell","type":"fill","seq":20769,"time":1618678035755,"qty":620.0,"price":2390.5},{"feed":"trade","product_id":"FI_ETHUSD_210430","uid":"b9d1dbbe-b9b9-4642-8894-7470b9472381","side":"buy","type":"fill","seq":20768,"time":1618678026945,"qty":50.0,"price":2390.25},{"feed":"trade","product_id":"FI_ETHUSD_210430","uid":"d4a73c78-a3e0-4345-a036-8ba5dda07d0d","side":"sell","type":"fill","seq":20767,"time":1618678015783,"qty":1020.0,"price":2387.25},{"feed":"trade","product_id":"FI_ETHUSD_210430","uid":"caf09d99-283d-48dc-b406-8a2b6e6a93b9","side":"sell","type":"fill","seq":20766,"time":1618678009796,"qty":1020.0,"price":2388.2},{"feed":"trade","product_id":"FI_ETHUSD_210430","uid":"83a776d1-35ef-4d8b-8cc9-5eec21d847f3","side":"sell","type":"fill","seq":20765,"time":1618678004471,"qty":1355.0,"price":2389.0},{"feed":"trade","product_id":"FI_ETHUSD_210430","uid":"7a23fc73-fb87-47ab-970b-2d48dad313b9","side":"sell","type":"fill","seq":20764,"time":1618678004444,"qty":955.0,"price":2389.4},{"feed":"trade","product_id":"FI_ETHUSD_210430","uid":"d235ffb4-9f87-4e11-861c-0962c917c68c","side":"sell","type":"fill","seq":20763,"time":1618678004444,"qty":65.0,"price":2389.4},{"feed":"trade","product_id":"FI_ETHUSD_210430","uid":"9076f22f-7adb-4d25-a376-c5cdffcb3d11","side":"sell","type":"fill","seq":20762,"time":1618677965004,"qty":220.0,"price":2391.9},{"feed":"trade","product_id":"FI_ETHUSD_210430","uid":"66af344f-8ac2-4b42-8615-da384b8c682e","side":"sell","type":"fill","seq":20761,"time":1618677964995,"qty":800.0,"price":2391.9},{"feed":"trade","product_id":"FI_ETHUSD_210430","uid":"2a468746-fac0-4c5b-9870-3d50c2ad0a4e","side":"buy","type":"fill","seq":20760,"time":1618677917835,"qty":578.0,"price":2390.85},{"feed":"trade","product_id":"FI_ETHUSD_210430","uid":"5285e246-bb6c-47b8-ab58-aa52c19f8518","side":"sell","type":"fill","seq":20759,"time":1618677794906,"qty":847.0,"price":2386.7},{"feed":"trade","product_id":"FI_ETHUSD_210430","uid":"5a93de84-4f25-4ed3-ac24-5aaf70b3d859","side":"sell","type":"fill","seq":20758,"time":1618677794905,"qty":700.0,"price":2386.7},{"feed":"trade","product_id":"FI_ETHUSD_210430","uid":"bc353fb1-b376-41a7-9c5d-3464d76fec03","side":"sell","type":"fill","seq":20757,"time":1618677430207,"qty":7500.0,"price":2385.0},{"feed":"trade","product_id":"FI_ETHUSD_210430","uid":"6fadf342-ae71-45d4-85bd-1506dc67b246","side":"sell","type":"fill","seq":20756,"time":1618677430065,"qty":1456.0,"price":2385.15},{"feed":"trade","product_id":"FI_ETHUSD_210430","uid":"642d6cf4-98b1-46e4-ae9a-b9b166d2dd0d","side":"sell","type":"fill","seq":20755,"time":1618677430038,"qty":6044.0,"price":2385.15},{"feed":"trade","product_id":"FI_ETHUSD_210430","uid":"20171f50-0eb9-4e2e-9b20-a6dec016b415","side":"sell","type":"fill","seq":20754,"time":1618677399748,"qty":50.0,"price":2386.2},{"feed":"trade","product_id":"FI_ETHUSD_210430","uid":"30827157-d86a-425f-b18f-2ed22154d81f","side":"buy","type":"fill","seq":20753,"time":1618677311094,"qty":2094.0,"price":2384.65},{"feed":"trade","product_id":"FI_ETHUSD_210430","uid":"a7d903f5-7f16-402a-b85b-dd8b1ae38a32","side":"buy","type":"fill","seq":20752,"time":1618677311072,"qty":18800.0,"price":2384.65},{"feed":"trade","product_id":"FI_ETHUSD_210430","uid":"80369550-93cc-4edf-806f-8be5f7ba63fd","side":"buy","type":"fill","seq":20751,"time":1618677311070,"qty":2700.0,"price":2384.65},{"feed":"trade","product_id":"FI_ETHUSD_210430","uid":"a0bb92f8-c65d-4995-a20b-1e8b05da2f78","side":"buy","type":"fill","seq":20750,"time":1618677311065,"qty":3500.0,"price":2384.65},{"feed":"trade","product_id":"FI_ETHUSD_210430","uid":"fab39c07-577d-4372-bd18-0a75f17c1bb1","side":"buy","type":"fill","seq":20749,"time":1618677311051,"qty":100.0,"price":2384.65},{"feed":"trade","product_id":"FI_ETHUSD_210430","uid":"ce472de5-0af2-4a42-ab27-63aa8dce8574","side":"buy","type":"fill","seq":20748,"time":1618677311051,"qty":150.0,"price":2384.65},{"feed":"trade","product_id":"FI_ETHUSD_210430","uid":"9c43404d-6aab-4908-a4cf-48e0ad5d9e88","side":"buy","type":"fill","seq":20747,"time":1618677311018,"qty":900.0,"price":2384.65},{"feed":"trade","product_id":"FI_ETHUSD_210430","uid":"929fbe4a-39e6-4214-90d0-4604e3ccee36","side":"sell","type":"fill","seq":20746,"time":1618677233313,"qty":50.0,"price":2381.25},{"feed":"trade","product_id":"FI_ETHUSD_210430","uid":"eca7e90b-48ce-4d9c-9fba-44a7bd80a78b","side":"sell","type":"fill","seq":20745,"time":1618677009889,"qty":1800.0,"price":2380.3},{"feed":"trade","product_id":"FI_ETHUSD_210430","uid":"29f08ddb-9b58-40dd-a9a8-582363bd9551","side":"sell","type":"fill","seq":20744,"time":1618677009572,"qty":1900.0,"price":2379.6},{"feed":"trade","product_id":"FI_ETHUSD_210430","uid":"45c7ac16-ea46-403e-99c0-1a2da696ed25","side":"sell","type":"fill","seq":20743,"time":1618677009570,"qty":300.0,"price":2379.6},{"feed":"trade","product_id":"FI_ETHUSD_210430","uid":"c9edcedf-785b-494b-8744-f518e7adea2f","side":"sell","type":"fill","seq":20742,"time":1618677009570,"qty":500.0,"price":2379.6},{"feed":"trade","product_id":"FI_ETHUSD_210430","uid":"3f77a11e-c03d-43b1-ab9c-cffef213bd93","side":"sell","type":"fill","seq":20741,"time":1618677009570,"qty":300.0,"price":2379.6},{"feed":"trade","product_id":"FI_ETHUSD_210430","uid":"1cbd8a1b-c9bc-4cbf-aa3c-4b81389fcdaa","side":"sell","type":"fill","seq":20740,"time":1618676812096,"qty":1100.0,"price":2376.25},{"feed":"trade","product_id":"FI_ETHUSD_210430","uid":"ee8cea70-d81e-4afc-adbc-75b15d84e14e","side":"sell","type":"fill","seq":20739,"time":1618676812096,"qty":459.0,"price":2376.25},{"feed":"trade","product_id":"FI_ETHUSD_210430","uid":"58c99d3f-58e5-463d-85e5-09aea1cff5b4","side":"sell","type":"fill","seq":20738,"time":1618676811566,"qty":3000.0,"price":2377.75},{"feed":"trade","product_id":"FI_ETHUSD_210430","uid":"6ba0877b-3356-45b2-a2b5-35f7df631983","side":"sell","type":"fill","seq":20737,"time":1618676811118,"qty":3000.0,"price":2377.7},{"feed":"trade","product_id":"FI_ETHUSD_210430","uid":"b95da713-0e0f-4e6e-87d8-890cafb89e47","side":"sell","type":"fill","seq":20736,"time":1618676697697,"qty":50.0,"price":2372.85},{"feed":"trade","product_id":"FI_ETHUSD_210430","uid":"10d52137-04a0-4fa2-ab14-faee5350b5a7","side":"sell","type":"fill","seq":20735,"time":1618676614453,"qty":3000.0,"price":2372.5},{"feed":"trade","product_id":"FI_ETHUSD_210430","uid":"23c21a59-3c57-4403-9d21-2e1ce6a9a399","side":"sell","type":"fill","seq":20734,"time":1618676607608,"qty":1109.0,"price":2373.25},{"feed":"trade","product_id":"FI_ETHUSD_210430","uid":"0363c6ff-d960-415c-9a84-a6c0cbca2878","side":"sell","type":"fill","seq":20733,"time":1618676607607,"qty":1291.0,"price":2373.25},{"feed":"trade","product_id":"FI_ETHUSD_210430","uid":"61b32d48-0ee8-4943-9c56-574056e47820","side":"sell","type":"fill","seq":20732,"time":1618676607607,"qty":600.0,"price":2373.25},{"feed":"trade","product_id":"FI_ETHUSD_210430","uid":"2e31fa40-8994-43d8-bea8-52e96d00b524","side":"sell","type":"fill","seq":20731,"time":1618676577505,"qty":50.0,"price":2376.3},{"feed":"trade","product_id":"FI_ETHUSD_210430","uid":"b90a489d-ef69-4252-9aa2-9fd1bb7a1b3b","side":"buy","type":"fill","seq":20730,"time":1618676561035,"qty":9559.0,"price":2376.8},{"feed":"trade","product_id":"FI_ETHUSD_210430","uid":"3ad36d6b-e5a5-4906-b0a3-a198634b5bc0","side":"buy","type":"fill","seq":20729,"time":1618676561034,"qty":200.0,"price":2376.8},{"feed":"trade","product_id":"FI_ETHUSD_210430","uid":"c9ee415b-6c70-4910-ba3c-2e0b8934076a","side":"buy","type":"fill","seq":20728,"time":1618676561024,"qty":2200.0,"price":2376.8},{"feed":"trade","product_id":"FI_ETHUSD_210430","uid":"1846beec-81fb-4ad0-a022-05d64036fb65","side":"buy","type":"fill","seq":20727,"time":1618676561023,"qty":3200.0,"price":2376.8},{"feed":"trade","product_id":"FI_ETHUSD_210430","uid":"f8719830-3d3a-4b8c-a68c-26e8b8a76810","side":"buy","type":"fill","seq":20726,"time":1618676561023,"qty":1500.0,"price":2376.8},{"feed":"trade","product_id":"FI_ETHUSD_210430","uid":"90935a30-8778-42d2-9280-f4020cc47431","side":"buy","type":"fill","seq":20725,"time":1618676561019,"qty":4665.0,"price":2376.8},{"feed":"trade","product_id":"FI_ETHUSD_210430","uid":"ae03bee2-a3ee-4341-a845-c9d60b1c9569","side":"sell","type":"fill","seq":20724,"time":1618676417445,"qty":50.0,"price":2373.4},{"feed":"trade","product_id":"FI_ETHUSD_210430","uid":"747ba0be-8374-46ea-b980-4f88367cf785","side":"buy","type":"fill","seq":20723,"time":1618676404361,"qty":50.0,"price":2374.05},{"feed":"trade","product_id":"FI_ETHUSD_210430","uid":"430c8ed6-d9a0-4c10-8707-0eed273fa623","side":"buy","type":"fill","seq":20722,"time":1618676323001,"qty":578.0,"price":2378.8},{"feed":"trade","product_id":"FI_ETHUSD_210430","uid":"01fc2ea3-9eae-44ce-90a0-14a16235b726","side":"buy","type":"fill","seq":20721,"time":1618676322363,"qty":50.0,"price":2378.05},{"feed":"trade","product_id":"FI_ETHUSD_210430","uid":"185ec2a8-d753-4595-b8d6-450c2e9eebb7","side":"sell","type":"fill","seq":20720,"time":1618676315628,"qty":50.0,"price":2376.45},{"feed":"trade","product_id":"FI_ETHUSD_210430","uid":"12090b0d-b365-4887-96f1-9d9487218dc7","side":"buy","type":"fill","seq":20719,"time":1618676303106,"qty":578.0,"price":2375.7},{"feed":"trade","product_id":"FI_ETHUSD_210430","uid":"2e862afa-d103-4806-9e14-b447f39d710d","side":"sell","type":"fill","seq":20718,"time":1618676261440,"qty":3000.0,"price":2375.85},{"feed":"trade","product_id":"FI_ETHUSD_210430","uid":"3ffc425d-e52b-4b5a-89b2-3add13a66112","side":"buy","type":"fill","seq":20717,"time":1618676165563,"qty":620.0,"price":2376.9},{"feed":"trade","product_id":"FI_ETHUSD_210430","uid":"7794ce6e-0230-4de2-a8f4-d8c6d0a075f2","side":"buy","type":"fill","seq":20716,"time":1618676165560,"qty":2159.0,"price":2376.9},{"feed":"trade","product_id":"FI_ETHUSD_210430","uid":"971dd74e-7d74-43eb-b84e-ffb25f8953b1","side":"buy","type":"fill","seq":20715,"time":1618676165524,"qty":500.0,"price":2376.9},{"feed":"trade","product_id":"FI_ETHUSD_210430","uid":"5e895a38-9e19-4dfb-8f79-6f32e84c0374","side":"buy","type":"fill","seq":20714,"time":1618676165524,"qty":100.0,"price":2376.9},{"feed":"trade","product_id":"FI_ETHUSD_210430","uid":"e7d12b4c-6908-4655-8585-c7cc95bad1f5","side":"buy","type":"fill","seq":20713,"time":1618676165523,"qty":4000.0,"price":2376.9},{"feed":"trade","product_id":"FI_ETHUSD_210430","uid":"1c6005a2-3a2c-458b-8676-1bdebb293b0c","side":"buy","type":"fill","seq":20712,"time":1618676165523,"qty":100.0,"price":2376.9},{"feed":"trade","product_id":"FI_ETHUSD_210430","uid":"36a94d61-0d45-4c8c-8c94-3a6f189abfe2","side":"buy","type":"fill","seq":20711,"time":1618676165523,"qty":200.0,"price":2376.9},{"feed":"trade","product_id":"FI_ETHUSD_210430","uid":"bba352ce-879a-4d88-82de-0bf3845aa299","side":"buy","type":"fill","seq":20710,"time":1618676165517,"qty":1300.0,"price":2376.9},{"feed":"trade","product_id":"FI_ETHUSD_210430","uid":"d8d780c3-6ec4-44b7-bbaa-afa77c0dbb2d","side":"buy","type":"fill","seq":20709,"time":1618676165517,"qty":200.0,"price":2376.9},{"feed":"trade","product_id":"FI_ETHUSD_210430","uid":"fab2c95b-7989-4b5a-976b-acdb0e7d92fc","side":"buy","type":"fill","seq":20708,"time":1618676165516,"qty":800.0,"price":2376.9},{"feed":"trade","product_id":"FI_ETHUSD_210430","uid":"806204e5-4349-4cc6-b1db-ffea89efc252","side":"buy","type":"fill","seq":20707,"time":1618676165516,"qty":300.0,"price":2376.9},{"feed":"trade","product_id":"FI_ETHUSD_210430","uid":"c9ea8bb3-6a19-4f01-b75b-040e6f81b6c0","side":"buy","type":"fill","seq":20706,"time":1618676165515,"qty":400.0,"price":2376.9},{"feed":"trade","product_id":"FI_ETHUSD_210430","uid":"278bef8a-99b2-4d3b-9358-0842a80ba1b1","side":"buy","type":"fill","seq":20705,"time":1618676165499,"qty":620.0,"price":2376.9},{"feed":"trade","product_id":"FI_ETHUSD_210430","uid":"31117799-62c4-4367-a516-dca2ef483041","side":"buy","type":"fill","seq":20704,"time":1618676100627,"qty":1100.0,"price":2381.45},{"feed":"trade","product_id":"FI_ETHUSD_210430","uid":"11f6b418-87c6-42d9-8789-032215edb84b","side":"sell","type":"fill","seq":20703,"time":1618676091038,"qty":720.0,"price":2380.2},{"feed":"trade","product_id":"FI_ETHUSD_210430","uid":"207414f9-aeaf-43fe-814c-75f2bb2766e8","side":"sell","type":"fill","seq":20702,"time":1618676091037,"qty":2280.0,"price":2380.2},{"feed":"trade","product_id":"FI_ETHUSD_210430","uid":"60cc4686-ee16-4332-b41c-9964e7a2146e","side":"sell","type":"fill","seq":20701,"time":1618676065455,"qty":1020.0,"price":2379.05},{"feed":"trade","product_id":"FI_ETHUSD_210430","uid":"e92aaaa6-40d7-4b6a-99cc-4d2a78dc7e63","side":"sell","type":"fill","seq":20700,"time":1618676063731,"qty":1200.0,"price":2377.6},{"feed":"trade","product_id":"FI_ETHUSD_210430","uid":"2b04eb71-9a98-4a63-b3e3-9d4f153da6bc","side":"sell","type":"fill","seq":20699,"time":1618676018307,"qty":806.0,"price":2373.3},{"feed":"trade","product_id":"FI_ETHUSD_210430","uid":"cfae67f5-09ea-4bc4-a80f-a65514d7c732","side":"sell","type":"fill","seq":20698,"time":1618676001313,"qty":50.0,"price":2372.45},{"feed":"trade","product_id":"FI_ETHUSD_210430","uid":"74d1ba52-9214-4b62-94e6-034d0f1b4ad5","side":"sell","type":"fill","seq":20697,"time":1618676001029,"qty":100.0,"price":2372.6},{"feed":"trade","product_id":"FI_ETHUSD_210430","uid":"1f166944-7daa-4d64-867f-592774dbf7ab","side":"sell","type":"fill","seq":20696,"time":1618676000918,"qty":500.0,"price":2372.6},{"feed":"trade","product_id":"FI_ETHUSD_210430","uid":"e1946c0c-5055-414d-b55a-52ebd94e0649","side":"sell","type":"fill","seq":20695,"time":1618676000900,"qty":100.0,"price":2372.6},{"feed":"trade","product_id":"FI_ETHUSD_210430","uid":"c220392c-87a7-471a-b34a-3a33398e6855","side":"sell","type":"fill","seq":20694,"time":1618676000852,"qty":100.0,"price":2372.6},{"feed":"trade","product_id":"FI_ETHUSD_210430","uid":"410b42a3-4046-4600-b0c4-d8005c7a09a4","side":"sell","type":"fill","seq":20693,"time":1618676000851,"qty":500.0,"price":2372.6},{"feed":"trade","product_id":"FI_ETHUSD_210430","uid":"f58c8537-ed26-4163-a460-bfc5c5ec4474","side":"sell","type":"fill","seq":20692,"time":1618676000850,"qty":1700.0,"price":2372.6},{"feed":"trade","product_id":"FI_ETHUSD_210430","uid":"d54df4a6-1939-42d4-b31b-c49f36006a11","side":"buy","type":"fill","seq":20691,"time":1618675987671,"qty":50.0,"price":2370.75},{"feed":"trade","product_id":"FI_ETHUSD_210430","uid":"0f59be29-d9b6-4f25-8fa0-d20fdc182c71","side":"buy","type":"fill","seq":20690,"time":1618675987518,"qty":1006.0,"price":2370.75},{"feed":"trade","product_id":"FI_ETHUSD_210430","uid":"92cf5fc1-b1eb-4f9e-be0f-b8d3a5282cd3","side":"buy","type":"fill","seq":20689,"time":1618675987452,"qty":356.0,"price":2370.75},{"feed":"trade","product_id":"FI_ETHUSD_210430","uid":"0dd01c01-8a39-4ba5-b70b-c136a6a79498","side":"buy","type":"fill","seq":20688,"time":1618675987448,"qty":700.0,"price":2370.75},{"feed":"trade","product_id":"FI_ETHUSD_210430","uid":"a46fec98-6de4-46d2-89a3-c0e06f06c693","side":"buy","type":"fill","seq":20687,"time":1618675987447,"qty":1800.0,"price":2370.75},{"feed":"trade","product_id":"FI_ETHUSD_210430","uid":"b9b0816a-feb1-4f6e-b7e0-5fc7b98eaf58","side":"buy","type":"fill","seq":20686,"time":1618675987447,"qty":1200.0,"price":2370.75},{"feed":"trade","product_id":"FI_ETHUSD_210430","uid":"4fd3e3ab-6a20-4a4d-9745-60c8201c98f4","side":"buy","type":"fill","seq":20685,"time":1618675981744,"qty":6118.0,"price":2368.95},{"feed":"trade","product_id":"FI_ETHUSD_210430","uid":"bc19ffd7-1d42-47d2-93fe-bb0a043b5c7d","side":"sell","type":"fill","seq":20684,"time":1618675944129,"qty":826.0,"price":2366.55},{"feed":"trade","product_id":"FI_ETHUSD_210430","uid":"01e558a6-b0b3-48d6-bae5-e488d8d0da4c","side":"sell","type":"fill","seq":20683,"time":1618675944128,"qty":1974.0,"price":2366.55},{"feed":"trade","product_id":"FI_ETHUSD_210430","uid":"63962234-1af7-4685-9810-caf6a5e7e73e","side":"sell","type":"fill","seq":20682,"time":1618675944128,"qty":200.0,"price":2366.55},{"feed":"trade","product_id":"FI_ETHUSD_210430","uid":"039f09d3-a152-4122-b109-2887bb3e1214","side":"sell","type":"fill","seq":20681,"time":1618675826083,"qty":100.0,"price":2375.35},{"feed":"trade","product_id":"FI_ETHUSD_210430","uid":"f81d70c4-868a-477c-af99-70909217aabd","side":"sell","type":"fill","seq":20680,"time":1618675806304,"qty":500.0,"price":2375.85},{"feed":"trade","product_id":"FI_ETHUSD_210430","uid":"70fb9790-2be1-4ea5-8898-800d2c769d0a","side":"sell","type":"fill","seq":20679,"time":1618675796311,"qty":3000.0,"price":2375.85},{"feed":"trade","product_id":"FI_ETHUSD_210430","uid":"13e7c646-1695-4229-90e5-76e319bcb545","side":"sell","type":"fill","seq":20678,"time":1618675796161,"qty":1020.0,"price":2375.45},{"feed":"trade","product_id":"FI_ETHUSD_210430","uid":"8ae92b04-a5f5-4a46-96f9-dfac6dc21a2c","side":"sell","type":"fill","seq":20677,"time":1618675796124,"qty":1254.0,"price":2375.85},{"feed":"trade","product_id":"FI_ETHUSD_210430","uid":"9ccb10e2-cb08-4559-b0a9-54e078cc0dbf","side":"sell","type":"fill","seq":20676,"time":1618675796114,"qty":746.0,"price":2375.85},{"feed":"trade","product_id":"FI_ETHUSD_210430","uid":"8d3bc691-a980-400a-a4ae-fefa6f25daf6","side":"sell","type":"fill","seq":20675,"time":1618675796112,"qty":1000.0,"price":2375.85},{"feed":"trade","product_id":"FI_ETHUSD_210430","uid":"9bac4208-858a-4883-9ddd-cd706f826629","side":"sell","type":"fill","seq":20674,"time":1618675751337,"qty":3000.0,"price":2373.95},{"feed":"trade","product_id":"FI_ETHUSD_210430","uid":"50c50716-08cc-42ed-8780-d91f729e921a","side":"sell","type":"fill","seq":20673,"time":1618675750893,"qty":3000.0,"price":2374.15},{"feed":"trade","product_id":"FI_ETHUSD_210430","uid":"4715ca80-1144-4bc8-a9aa-09b664e8ff1d","side":"sell","type":"fill","seq":20672,"time":1618675750873,"qty":1020.0,"price":2374.2}]}
1618678101.7806761: {"feed":"ticker_lite","product_id":"FI_ETHUSD_210430","bid":2388.6,"ask":2391.55,"change":-2.6219288595526358,"premium":1.0,"volume":3102001.0,"tag":"month","pair":"ETH:USD","dtm":12,"maturityTime":1619794800000}
1618678101.780712: {"feed":"trade_snapshot","product_id":"FI_BCHUSD_210625","trades":[{"feed":"trade","product_id":"FI_BCHUSD_210625","uid":"3f5f5072-dff3-4c21-85f8-336e3393bb79","side":"sell","type":"fill","seq":3743,"time":1618677784531,"qty":50.0,"price":1124.7},{"feed":"trade","product_id":"FI_BCHUSD_210625","uid":"5c36a77a-a9ec-4e22-8c60-a637c02159d0","side":"sell","type":"fill","seq":3742,"time":1618677400849,"qty":50.0,"price":1122.8},{"feed":"trade","product_id":"FI_BCHUSD_210625","uid":"fc7d87bf-525d-42c9-8984-00be36498998","side":"buy","type":"fill","seq":3741,"time":1618677355748,"qty":50.0,"price":1121.9},{"feed":"trade","product_id":"FI_BCHUSD_210625","uid":"65117de3-0755-48e5-a628-c8a33ae6fb77","side":"sell","type":"fill","seq":3740,"time":1618677340337,"qty":67.0,"price":1122.8},{"feed":"trade","product_id":"FI_BCHUSD_210625","uid":"ba2aabc7-21aa-448c-9adf-024e60b84a73","side":"sell","type":"fill","seq":3739,"time":1618677340326,"qty":50.0,"price":1123.0},{"feed":"trade","product_id":"FI_BCHUSD_210625","uid":"d8e77bda-49f6-4674-91b4-706bebc7ec54","side":"buy","type":"fill","seq":3738,"time":1618677266891,"qty":50.0,"price":1116.9},{"feed":"trade","product_id":"FI_BCHUSD_210625","uid":"d1c656a7-446c-47a0-bcbd-e7d2e427acf1","side":"sell","type":"fill","seq":3737,"time":1618677025099,"qty":350.0,"price":1120.7},{"feed":"trade","product_id":"FI_BCHUSD_210625","uid":"bbdaf4aa-9327-494f-b774-112ab6f01ef2","side":"sell","type":"fill","seq":3736,"time":1618677025094,"qty":100.0,"price":1120.7},{"feed":"trade","product_id":"FI_BCHUSD_210625","uid":"26331bc9-b20a-4cad-96fa-59041f5daa62","side":"sell","type":"fill","seq":3735,"time":1618677018466,"qty":50.0,"price":1122.9},{"feed":"trade","product_id":"FI_BCHUSD_210625","uid":"c55c7002-4c1a-427b-a32c-0c968a1c8630","side":"buy","type":"fill","seq":3734,"time":1618676931275,"qty":375.0,"price":1120.2},{"feed":"trade","product_id":"FI_BCHUSD_210625","uid":"13c43074-5b1f-4df0-8216-2a98c9068392","side":"buy","type":"fill","seq":3733,"time":1618676931262,"qty":100.0,"price":1120.2},{"feed":"trade","product_id":"FI_BCHUSD_210625","uid":"958551f5-b475-48f5-aadf-e86e38ccdd16","side":"buy","type":"fill","seq":3732,"time":1618676931258,"qty":100.0,"price":1120.2},{"feed":"trade","product_id":"FI_BCHUSD_210625","uid":"5c11a31f-8b3f-4bab-a91e-2316c2f832be","side":"buy","type":"fill","seq":3731,"time":1618676931256,"qty":100.0,"price":1120.2},{"feed":"trade","product_id":"FI_BCHUSD_210625","uid":"fe36c3af-6c69-4b35-9d76-0a15a96e96c6","side":"buy","type":"fill","seq":3730,"time":1618676931241,"qty":400.0,"price":1120.2},{"feed":"trade","product_id":"FI_BCHUSD_210625","uid":"3ca441a5-91f2-4654-988f-7fb5325ce868","side":"buy","type":"fill","seq":3729,"time":1618676931235,"qty":437.0,"price":1120.2},{"feed":"trade","product_id":"FI_BCHUSD_210625","uid":"4f68fc5c-bf83-45ff-9f61-0ad1141310a3","side":"sell","type":"fill","seq":3728,"time":1618676814915,"qty":50.0,"price":1116.7},{"feed":"trade","product_id":"FI_BCHUSD_210625","uid":"07c2903b-66ed-486c-a66e-8c85bf7860d8","side":"sell","type":"fill","seq":3727,"time":1618676795359,"qty":50.0,"price":1115.9},{"feed":"trade","product_id":"FI_BCHUSD_210625","uid":"2ba051c4-a126-460c-9ced-187f85a3a805","side":"buy","type":"fill","seq":3726,"time":1618676746585,"qty":300.0,"price":1117.2},{"feed":"trade","product_id":"FI_BCHUSD_210625","uid":"bc5f1c4e-0b26-4f8d-b6f2-aa72266c540c","side":"buy","type":"fill","seq":3725,"time":1618676746542,"qty":300.0,"price":1117.2},{"feed":"trade","product_id":"FI_BCHUSD_210625","uid":"12c76231-eea6-4de5-937f-65278155ae7a","side":"buy","type":"fill","seq":3724,"time":1618676746537,"qty":386.0,"price":1117.2},{"feed":"trade","product_id":"FI_BCHUSD_210625","uid":"417cedc3-ff6b-4ef7-93bf-c530ad3a73ea","side":"buy","type":"fill","seq":3723,"time":1618676675184,"qty":600.0,"price":1112.4},{"feed":"trade","product_id":"FI_BCHUSD_210625","uid":"b0fee08b-8141-436b-a130-05debd5d7ed1","side":"buy","type":"fill","seq":3722,"time":1618676675184,"qty":100.0,"price":1112.4},{"feed":"trade","product_id":"FI_BCHUSD_210625","uid":"58db2946-104e-4f55-9c4e-a85c36622725","side":"buy","type":"fill","seq":3721,"time":1618676675176,"qty":100.0,"price":1112.4},{"feed":"trade","product_id":"FI_BCHUSD_210625","uid":"5ea7c70b-b4ba-4537-854f-dc547a69ec24","side":"buy","type":"fill","seq":3720,"time":1618676675175,"qty":800.0,"price":1112.4},{"feed":"trade","product_id":"FI_BCHUSD_210625","uid":"2c14f2fb-b2f4-4214-a945-77825e42c850","side":"sell","type":"fill","seq":3719,"time":1618676590519,"qty":50.0,"price":1112.1},{"feed":"trade","product_id":"FI_BCHUSD_210625","uid":"2b54315d-ae84-47b0-b027-a22203e6fc11","side":"buy","type":"fill","seq":3718,"time":1618676461537,"qty":50.0,"price":1107.3},{"feed":"trade","product_id":"FI_BCHUSD_210625","uid":"0279dff1-d16e-4bbd-908c-ca844f526bdb","side":"sell","type":"fill","seq":3717,"time":1618676392029,"qty":50.0,"price":1114.1},{"feed":"trade","product_id":"FI_BCHUSD_210625","uid":"9ed0141a-8946-4c64-b05c-3246130ad1b4","side":"sell","type":"fill","seq":3716,"time":1618676120783,"qty":50.0,"price":1118.6},{"feed":"trade","product_id":"FI_BCHUSD_210625","uid":"ad78926c-7a46-40cb-b35b-0469a60f161a","side":"sell","type":"fill","seq":3715,"time":1618676046893,"qty":200.0,"price":1118.3},{"feed":"trade","product_id":"FI_BCHUSD_210625","uid":"4ab3feae-406c-4d2a-bb1a-18ed6c0397e9","side":"sell","type":"fill","seq":3714,"time":1618676046888,"qty":1300.0,"price":1118.3},{"feed":"trade","product_id":"FI_BCHUSD_210625","uid":"ed36fa7e-2e70-4589-b973-b9ad6f146dc9","side":"sell","type":"fill","seq":3713,"time":1618676046875,"qty":100.0,"price":1118.3},{"feed":"trade","product_id":"FI_BCHUSD_210625","uid":"bb49ea30-c030-400e-9437-03a0aac1f4ed","side":"sell","type":"fill","seq":3712,"time":1618676046870,"qty":100.0,"price":1118.3},{"feed":"trade","product_id":"FI_BCHUSD_210625","uid":"dfed6caa-1be4-49e6-aac6-fcd19dc057b8","side":"sell","type":"fill","seq":3711,"time":1618676046870,"qty":100.0,"price":1118.3},{"feed":"trade","product_id":"FI_BCHUSD_210625","uid":"94dc55a6-598a-42fa-b050-32743905893f","side":"sell","type":"fill","seq":3710,"time":1618676046756,"qty":300.0,"price":1118.3},{"feed":"trade","product_id":"FI_BCHUSD_210625","uid":"96ce6778-35c2-400a-a55f-1c0f959a9b18","side":"sell","type":"fill","seq":3709,"time":1618676046754,"qty":400.0,"price":1118.3},{"feed":"trade","product_id":"FI_BCHUSD_210625","uid":"7cd0b5bb-a2fa-40d8-99a1-6210872eaa89","side":"sell","type":"fill","seq":3708,"time":1618676046753,"qty":100.0,"price":1118.3},{"feed":"trade","product_id":"FI_BCHUSD_210625","uid":"d76d1a0b-dd23-429c-89e6-5adcfc8703d3","side":"sell","type":"fill","seq":3707,"time":1618676046563,"qty":200.0,"price":1118.3},{"feed":"trade","product_id":"FI_BCHUSD_210625","uid":"672d5601-1bc9-40e4-9ae4-60b08c4bfbbb","side":"sell","type":"fill","seq":3706,"time":1618676046554,"qty":150.0,"price":1118.3},{"feed":"trade","product_id":"FI_BCHUSD_210625","uid":"0ca3adfe-2dfb-477a-8c48-9dceb007459a","side":"sell","type":"fill","seq":3705,"time":1618676046266,"qty":50.0,"price":1119.2},{"feed":"trade","product_id":"FI_BCHUSD_210625","uid":"47f55966-9d18-415a-a8b6-2c0f66d8d803","side":"buy","type":"fill","seq":3704,"time":1618676029761,"qty":1300.0,"price":1121.2},{"feed":"trade","product_id":"FI_BCHUSD_210625","uid":"c6a3f51e-b6f5-43fe-a31c-a7c26dde0705","side":"buy","type":"fill","seq":3703,"time":1618676029760,"qty":200.0,"price":1121.2},{"feed":"trade","product_id":"FI_BCHUSD_210625","uid":"52e00b08-9eb7-4991-b928-a547f4b8874a","side":"buy","type":"fill","seq":3702,"time":1618676029760,"qty":600.0,"price":1121.2},{"feed":"trade","product_id":"FI_BCHUSD_210625","uid":"805857d3-bb36-4dec-a054-22fbf9f6fd92","side":"buy","type":"fill","seq":3701,"time":1618676029760,"qty":100.0,"price":1121.2},{"feed":"trade","product_id":"FI_BCHUSD_210625","uid":"8a8b59dd-0fa9-41e4-b419-2ea53a28c206","side":"buy","type":"fill","seq":3700,"time":1618676029759,"qty":2000.0,"price":1121.2},{"feed":"trade","product_id":"FI_BCHUSD_210625","uid":"dfab7d9f-4d14-4560-a329-2190029cf5fb","side":"buy","type":"fill","seq":3699,"time":1618676005049,"qty":50.0,"price":1114.8},{"feed":"trade","product_id":"FI_BCHUSD_210625","uid":"1df02e97-c30d-48b3-a56a-40f0c93e69ef","side":"buy","type":"fill","seq":3698,"time":1618675982044,"qty":50.0,"price":1111.4},{"feed":"trade","product_id":"FI_BCHUSD_210625","uid":"f145bb5b-ccc8-4889-afd9-22c7e365d9ab","side":"sell","type":"fill","seq":3697,"time":1618675951618,"qty":50.0,"price":1103.9},{"feed":"trade","product_id":"FI_BCHUSD_210625","uid":"19d8b4c0-f824-4592-a1c7-415ee8ad57cd","side":"sell","type":"fill","seq":3696,"time":1618675948325,"qty":50.0,"price":1107.9},{"feed":"trade","product_id":"FI_BCHUSD_210625","uid":"5216584d-9252-4bee-b99b-8ae5c31c6757","side":"sell","type":"fill","seq":3695,"time":1618675942517,"qty":50.0,"price":1110.1},{"feed":"trade","product_id":"FI_BCHUSD_210625","uid":"fa4ff332-b015-466b-8c28-e97ba437a6e0","side":"buy","type":"fill","seq":3694,"time":1618675910124,"qty":50.0,"price":1118.0},{"feed":"trade","product_id":"FI_BCHUSD_210625","uid":"a3466253-6c96-4192-90df-b05050e572ab","side":"buy","type":"fill","seq":3693,"time":1618675903617,"qty":50.0,"price":1117.6},{"feed":"trade","product_id":"FI_BCHUSD_210625","uid":"d464a7ef-96b9-4b68-84b4-4b1237df5515","side":"buy","type":"fill","seq":3692,"time":1618675895350,"qty":700.0,"price":1111.7},{"feed":"trade","product_id":"FI_BCHUSD_210625","uid":"ee464071-1c2f-4f4f-9a34-20b866f7da4f","side":"buy","type":"fill","seq":3691,"time":1618675895347,"qty":100.0,"price":1111.7},{"feed":"trade","product_id":"FI_BCHUSD_210625","uid":"58f3b5d3-6fd7-468d-a779-ca88362d50d9","side":"buy","type":"fill","seq":3690,"time":1618675895345,"qty":150.0,"price":1111.7},{"feed":"trade","product_id":"FI_BCHUSD_210625","uid":"eeeb03f7-3ba2-4e3b-86d3-d8291cc96da3","side":"buy","type":"fill","seq":3689,"time":1618675895342,"qty":200.0,"price":1111.7},{"feed":"trade","product_id":"FI_BCHUSD_210625","uid":"247551c6-c28a-4839-8784-4afc7f399841","side":"buy","type":"fill","seq":3688,"time":1618675895336,"qty":200.0,"price":1111.7},{"feed":"trade","product_id":"FI_BCHUSD_210625","uid":"7e274f83-5714-4c80-b628-da137ffc5e46","side":"buy","type":"fill","seq":3687,"time":1618675895334,"qty":2500.0,"price":1111.7},{"feed":"trade","product_id":"FI_BCHUSD_210625","uid":"c33d5d34-b036-453b-9e27-e0950f2b1880","side":"buy","type":"fill","seq":3686,"time":1618675895317,"qty":50.0,"price":1111.5},{"feed":"trade","product_id":"FI_BCHUSD_210625","uid":"bc0891d7-db4b-4a5c-bc99-8c09ba9a9db0","side":"sell","type":"fill","seq":3685,"time":1618675877623,"qty":50.0,"price":1115.1},{"feed":"trade","product_id":"FI_BCHUSD_210625","uid":"9186440b-11a0-409c-80e0-a367932ec9f5","side":"sell","type":"fill","seq":3684,"time":1618675874445,"qty":50.0,"price":1119.0},{"feed":"trade","product_id":"FI_BCHUSD_210625","uid":"ef8df3db-68ac-4df0-b0a6-08d5bb1a26e6","side":"buy","type":"fill","seq":3683,"time":1618675851631,"qty":50.0,"price":1122.7},{"feed":"trade","product_id":"FI_BCHUSD_210625","uid":"71c7b8e0-aae4-4ad8-8161-b06de1ed7e63","side":"buy","type":"fill","seq":3682,"time":1618675720856,"qty":50.0,"price":1120.6},{"feed":"trade","product_id":"FI_BCHUSD_210625","uid":"5f06359b-c090-477e-9563-bf23cd174116","side":"sell","type":"fill","seq":3681,"time":1618675694024,"qty":50.0,"price":1117.4},{"feed":"trade","product_id":"FI_BCHUSD_210625","uid":"058d420d-6a9e-471b-9dd1-659a786a08ee","side":"buy","type":"fill","seq":3680,"time":1618675646956,"qty":50.0,"price":1120.9},{"feed":"trade","product_id":"FI_BCHUSD_210625","uid":"b9a7252b-a97a-4079-a0b6-eebbfac82263","side":"buy","type":"fill","seq":3679,"time":1618675625327,"qty":50.0,"price":1112.8},{"feed":"trade","product_id":"FI_BCHUSD_210625","uid":"6835b9e2-ccea-4f1f-a8e9-79e7debc690a","side":"sell","type":"fill","seq":3678,"time":1618675617751,"qty":50.0,"price":1111.7},{"feed":"trade","product_id":"FI_BCHUSD_210625","uid":"eda26609-6ba7-4339-b735-5adce2b89c0f","side":"sell","type":"fill","seq":3677,"time":1618675617713,"qty":2000.0,"price":1112.7},{"feed":"trade","product_id":"FI_BCHUSD_210625","uid":"458f1b65-cb44-421f-a710-13af39014b9e","side":"sell","type":"fill","seq":3676,"time":1618675617712,"qty":600.0,"price":1112.7},{"feed":"trade","product_id":"FI_BCHUSD_210625","uid":"dd682ceb-474a-416c-b5fb-b3cce3772b9c","side":"sell","type":"fill","seq":3675,"time":1618675617709,"qty":1150.0,"price":1112.7},{"feed":"trade","product_id":"FI_BCHUSD_210625","uid":"dd68697d-58a2-413a-9c1c-a97130d7921e","side":"sell","type":"fill","seq":3674,"time":1618675617708,"qty":200.0,"price":1112.7},{"feed":"trade","product_id":"FI_BCHUSD_210625","uid":"180eba09-ee76-4dfe-8409-5121f11dbb7b","side":"sell","type":"fill","seq":3673,"time":1618675617707,"qty":1800.0,"price":1112.7},{"feed":"trade","product_id":"FI_BCHUSD_210625","uid":"e519a403-5c40-43da-a2ce-09d035daebad","side":"sell","type":"fill","seq":3672,"time":1618675613851,"qty":50.0,"price":1116.3},{"feed":"trade","product_id":"FI_BCHUSD_210625","uid":"a75635f5-d3aa-4653-919f-4ef203aeb306","side":"buy","type":"fill","seq":3671,"time":1618675567317,"qty":50.0,"price":1115.6},{"feed":"trade","product_id":"FI_BCHUSD_210625","uid":"9bcf2449-343d-4741-9773-a3a4224faa66","side":"sell","type":"fill","seq":3670,"time":1618675563077,"qty":50.0,"price":1110.8},{"feed":"trade","product_id":"FI_BCHUSD_210625","uid":"9a41412c-601f-40b6-b52a-57a2c261fc2f","side":"buy","type":"fill","seq":3669,"time":1618675531069,"qty":50.0,"price":1106.5},{"feed":"trade","product_id":"FI_BCHUSD_210625","uid":"2802e45e-b6b3-4ad9-ace7-4df686edf29b","side":"buy","type":"fill","seq":3668,"time":1618675501159,"qty":50.0,"price":1101.5},{"feed":"trade","product_id":"FI_BCHUSD_210625","uid":"ba2d3e90-946d-47cf-9c38-c00042a3e969","side":"buy","type":"fill","seq":3667,"time":1618675491751,"qty":50.0,"price":1096.3},{"feed":"trade","product_id":"FI_BCHUSD_210625","uid":"7b7b9c64-15e4-4cbc-976f-37c0297353f0","side":"buy","type":"fill","seq":3666,"time":1618675453337,"qty":50.0,"price":1086.2},{"feed":"trade","product_id":"FI_BCHUSD_210625","uid":"28f696aa-60e9-449a-91a2-d41f56c806f8","side":"sell","type":"fill","seq":3665,"time":1618675418564,"qty":50.0,"price":1079.1},{"feed":"trade","product_id":"FI_BCHUSD_210625","uid":"f8a0e781-b74a-4518-866a-66b43fe300b6","side":"buy","type":"fill","seq":3664,"time":1618675403056,"qty":50.0,"price":1089.7},{"feed":"trade","product_id":"FI_BCHUSD_210625","uid":"bfaf4ad0-eff7-4ba0-8522-a79cf4f0451b","side":"sell","type":"fill","seq":3663,"time":1618675371771,"qty":50.0,"price":1091.5},{"feed":"trade","product_id":"FI_BCHUSD_210625","uid":"3f8695e4-764a-424b-9726-287f2bc34bf2","side":"buy","type":"fill","seq":3662,"time":1618675309660,"qty":50.0,"price":1095.0},{"feed":"trade","product_id":"FI_BCHUSD_210625","uid":"70d0f0fe-2b91-4151-9635-13494c6c3359","side":"sell","type":"fill","seq":3661,"time":1618675297007,"qty":50.0,"price":1092.7},{"feed":"trade","product_id":"FI_BCHUSD_210625","uid":"1edfdabc-c40e-41a9-9f5e-c19d23bd7fec","side":"sell","type":"fill","seq":3660,"time":1618675260442,"qty":50.0,"price":1101.1},{"feed":"trade","product_id":"FI_BCHUSD_210625","uid":"0fde2725-4ee7-42e9-903e-f460fd04d678","side":"sell","type":"fill","seq":3659,"time":1618675247617,"qty":50.0,"price":1101.7},{"feed":"trade","product_id":"FI_BCHUSD_210625","uid":"413d4318-b652-4c43-8dd4-54cbf9cd848d","side":"sell","type":"fill","seq":3658,"time":1618675214414,"qty":50.0,"price":1107.4},{"feed":"trade","product_id":"FI_BCHUSD_210625","uid":"1465f35e-c2be-46b1-9f03-22e9902c070b","side":"sell","type":"fill","seq":3657,"time":1618675145820,"qty":50.0,"price":1112.6},{"feed":"trade","product_id":"FI_BCHUSD_210625","uid":"13760f4a-3bb2-4953-8f7f-1092faa479ed","side":"sell","type":"fill","seq":3656,"time":1618675105171,"qty":50.0,"price":1111.8},{"feed":"trade","product_id":"FI_BCHUSD_210625","uid":"ccca0cdf-49ba-4fc5-88d2-48882535c606","side":"buy","type":"fill","seq":3655,"time":1618675058201,"qty":500.0,"price":1103.8},{"feed":"trade","product_id":"FI_BCHUSD_210625","uid":"1e362310-9b35-454d-bbf1-4cf3e447c975","side":"buy","type":"fill","seq":3654,"time":1618675058200,"qty":500.0,"price":1103.8},{"feed":"trade","product_id":"FI_BCHUSD_210625","uid":"da41a7ee-bba3-4954-a87c-6f80b5ea73d1","side":"buy","type":"fill","seq":3653,"time":1618675058191,"qty":1100.0,"price":1103.8},{"feed":"trade","product_id":"FI_BCHUSD_210625","uid":"f0dc9b71-d1ee-472b-81c4-852ff0b3f29a","side":"buy","type":"fill","seq":3652,"time":1618675058190,"qty":100.0,"price":1103.8},{"feed":"trade","product_id":"FI_BCHUSD_210625","uid":"dbfc9417-25b8-4b09-bf8a-b34146d8f4b2","side":"buy","type":"fill","seq":3651,"time":1618675058189,"qty":100.0,"price":1103.8},{"feed":"trade","product_id":"FI_BCHUSD_210625","uid":"fc202fbe-0e67-4a86-8ed5-19e1286c3faf","side":"buy","type":"fill","seq":3650,"time":1618675058172,"qty":100.0,"price":1103.8},{"feed":"trade","product_id":"FI_BCHUSD_210625","uid":"856ecdfa-c868-451d-953c-a7549ed13c78","side":"buy","type":"fill","seq":3649,"time":1618675058171,"qty":650.0,"price":1103.8},{"feed":"trade","product_id":"FI_BCHUSD_210625","uid":"f9b81adf-b8ef-4523-8e87-89cf402368d0","side":"buy","type":"fill","seq":3648,"time":1618675058113,"qty":50.0,"price":1103.7},{"feed":"trade","product_id":"FI_BCHUSD_210625","uid":"df491649-fada-4b0d-9bcd-8eff89332638","side":"buy","type":"fill","seq":3647,"time":1618675052889,"qty":50.0,"price":1099.2},{"feed":"trade","product_id":"FI_BCHUSD_210625","uid":"9f4a38c0-f266-4aa3-8e05-afce6aef15bf","side":"buy","type":"fill","seq":3646,"time":1618674900240,"qty":50.0,"price":1105.3},{"feed":"trade","product_id":"FI_BCHUSD_210625","uid":"c4755b4d-5d11-49a3-9cdf-9eedda0c8e24","side":"sell","type":"fill","seq":3645,"time":1618674819661,"qty":50.0,"price":1103.3},{"feed":"trade","product_id":"FI_BCHUSD_210625","uid":"135e3459-e120-4261-a2a4-93fdd4ff494b","side":"sell","type":"fill","seq":3644,"time":1618674478395,"qty":50.0,"price":1109.1}]}
1618678101.864193: {"feed":"trade_snapshot","product_id":"FI_ETHUSD_210625","trades":[{"feed":"trade","product_id":"FI_ETHUSD_210625","uid":"a296b8cb-655a-4fea-b203-f0abee96fe8b","side":"sell","type":"fill","seq":20269,"time":1618678035684,"qty":100.0,"price":2503.95},{"feed":"trade","product_id":"FI_ETHUSD_210625","uid":"7f7d2e96-76f4-44c5-92ef-1d1cc93dc5b4","side":"buy","type":"fill","seq":20268,"time":1618678027196,"qty":50.0,"price":2503.8},{"feed":"trade","product_id":"FI_ETHUSD_210625","uid":"5f95ef7a-ef68-48b7-b92d-1f4f74ef9014","side":"buy","type":"fill","seq":20267,"time":1618678014548,"qty":125.0,"price":2503.05},{"feed":"trade","product_id":"FI_ETHUSD_210625","uid":"c4e91de0-abff-4e1e-a816-c3076371a413","side":"buy","type":"fill","seq":20266,"time":1618677907629,"qty":50.0,"price":2501.95},{"feed":"trade","product_id":"FI_ETHUSD_210625","uid":"ad77b1a9-9b0c-427c-a77f-3e79b9d7db8f","side":"buy","type":"fill","seq":20265,"time":1618677168476,"qty":125.0,"price":2495.95},{"feed":"trade","product_id":"FI_ETHUSD_210625","uid":"48206e16-5ed6-4a9a-9409-c269c2b99add","side":"sell","type":"fill","seq":20264,"time":1618676451687,"qty":3422.0,"price":2480.8},{"feed":"trade","product_id":"FI_ETHUSD_210625","uid":"076629fb-3e6f-4da8-9140-300e594108eb","side":"sell","type":"fill","seq":20263,"time":1618676316088,"qty":50.0,"price":2487.35},{"feed":"trade","product_id":"FI_ETHUSD_210625","uid":"459179d0-09c3-428d-9074-7a17e0665efb","side":"sell","type":"fill","seq":20262,"time":1618676261486,"qty":296.0,"price":2486.25},{"feed":"trade","product_id":"FI_ETHUSD_210625","uid":"4e1e1f76-3a50-4625-8efc-518d8b0a9ddc","side":"sell","type":"fill","seq":20261,"time":1618676261378,"qty":272.0,"price":2486.75},{"feed":"trade","product_id":"FI_ETHUSD_210625","uid":"ec623c38-4933-415b-b0b8-7cf697f3e3fd","side":"sell","type":"fill","seq":20260,"time":1618676261378,"qty":960.0,"price":2486.75},{"feed":"trade","product_id":"FI_ETHUSD_210625","uid":"dc505bca-7fb9-4b3c-8128-d9b129849505","side":"sell","type":"fill","seq":20259,"time":1618676173277,"qty":960.0,"price":2489.4},{"feed":"trade","product_id":"FI_ETHUSD_210625","uid":"c00c2484-3049-4bde-b6fb-0760f9e4e3c5","side":"sell","type":"fill","seq":20258,"time":1618676107584,"qty":960.0,"price":2492.6},{"feed":"trade","product_id":"FI_ETHUSD_210625","uid":"3a71738b-98bc-492f-a069-9f813736feec","side":"sell","type":"fill","seq":20257,"time":1618676065776,"qty":50.0,"price":2489.6},{"feed":"trade","product_id":"FI_ETHUSD_210625","uid":"aa125bf8-f169-4105-a3ee-48ba3e257b85","side":"buy","type":"fill","seq":20256,"time":1618676064010,"qty":7610.0,"price":2489.75},{"feed":"trade","product_id":"FI_ETHUSD_210625","uid":"76c77848-1c58-4de8-8764-39494ee7664b","side":"buy","type":"fill","seq":20255,"time":1618676052471,"qty":50.0,"price":2487.8},{"feed":"trade","product_id":"FI_ETHUSD_210625","uid":"f442a178-872a-4a5b-9c5b-d3a655f86427","side":"sell","type":"fill","seq":20254,"time":1618676047808,"qty":360.0,"price":2486.1},{"feed":"trade","product_id":"FI_ETHUSD_210625","uid":"f03b49c8-960c-4505-964c-7cda6d45ce97","side":"sell","type":"fill","seq":20253,"time":1618676047460,"qty":600.0,"price":2486.1},{"feed":"trade","product_id":"FI_ETHUSD_210625","uid":"4197d572-48d1-4526-bb9f-0884f098f03e","side":"sell","type":"fill","seq":20252,"time":1618676044543,"qty":960.0,"price":2486.85},{"feed":"trade","product_id":"FI_ETHUSD_210625","uid":"140a9b0d-7c92-4b41-82a8-9a7792d1be34","side":"sell","type":"fill","seq":20251,"time":1618676002273,"qty":560.0,"price":2482.9},{"feed":"trade","product_id":"FI_ETHUSD_210625","uid":"e43d1a72-3ee6-4aaa-b2f8-ad33a53c1aeb","side":"sell","type":"fill","seq":20250,"time":1618676002267,"qty":100.0,"price":2482.9},{"feed":"trade","product_id":"FI_ETHUSD_210625","uid":"1d56fcec-428e-4d33-ba44-42711469347c","side":"sell","type":"fill","seq":20249,"time":1618676002258,"qty":300.0,"price":2482.9},{"feed":"trade","product_id":"FI_ETHUSD_210625","uid":"b70f9460-8def-4431-8aaf-ce2ee64a5fe4","side":"buy","type":"fill","seq":20248,"time":1618675982082,"qty":300.0,"price":2479.6},{"feed":"trade","product_id":"FI_ETHUSD_210625","uid":"60ebeae0-dc2f-4377-b5c2-b56640d1200e","side":"buy","type":"fill","seq":20247,"time":1618675982081,"qty":400.0,"price":2479.6},{"feed":"trade","product_id":"FI_ETHUSD_210625","uid":"c2383e31-241f-44e8-a22d-cc610dbacaaf","side":"buy","type":"fill","seq":20246,"time":1618675982079,"qty":300.0,"price":2479.6},{"feed":"trade","product_id":"FI_ETHUSD_210625","uid":"41b2b669-9f16-4916-a185-90c833a34b91","side":"buy","type":"fill","seq":20245,"time":1618675982078,"qty":200.0,"price":2479.6},{"feed":"trade","product_id":"FI_ETHUSD_210625","uid":"5dfd59da-39ea-4324-a228-7ef680d439ee","side":"buy","type":"fill","seq":20244,"time":1618675982077,"qty":200.0,"price":2479.6},{"feed":"trade","product_id":"FI_ETHUSD_210625","uid":"89172cf4-c1a5-47c4-a319-4a2e93f9dbe5","side":"buy","type":"fill","seq":20243,"time":1618675982076,"qty":900.0,"price":2479.6},{"feed":"trade","product_id":"FI_ETHUSD_210625","uid":"0403f5a3-4d6a-4b7f-9ea3-5f6cec617536","side":"buy","type":"fill","seq":20242,"time":1618675982074,"qty":700.0,"price":2479.6},{"feed":"trade","product_id":"FI_ETHUSD_210625","uid":"ac59d3b5-9018-419f-8b81-764f20bbc224","side":"buy","type":"fill","seq":20241,"time":1618675981732,"qty":300.0,"price":2478.95},{"feed":"trade","product_id":"FI_ETHUSD_210625","uid":"790e3be3-ed74-4cbf-92e2-aa0e48e3b898","side":"buy","type":"fill","seq":20240,"time":1618675981689,"qty":200.0,"price":2478.95},{"feed":"trade","product_id":"FI_ETHUSD_210625","uid":"cdcd0d40-db7c-4c4d-b373-fe0f18bcec74","side":"buy","type":"fill","seq":20239,"time":1618675981683,"qty":3250.0,"price":2478.95},{"feed":"trade","product_id":"FI_ETHUSD_210625","uid":"a41b4909-989a-488d-b2c2-3229072f4fc2","side":"buy","type":"fill","seq":20238,"time":1618675981667,"qty":3000.0,"price":2478.95},{"feed":"trade","product_id":"FI_ETHUSD_210625","uid":"5246ac20-e147-42e0-a0db-afc8ae4566eb","side":"sell","type":"fill","seq":20237,"time":1618675884757,"qty":441.0,"price":2477.8},{"feed":"trade","product_id":"FI_ETHUSD_210625","uid":"1b28acbe-9ec5-46ab-aef8-21c0ed23c00e","side":"sell","type":"fill","seq":20236,"time":1618675839978,"qty":442.0,"price":2487.1},{"feed":"trade","product_id":"FI_ETHUSD_210625","uid":"17e143cf-1208-4ec1-a283-e52842c03c80","side":"buy","type":"fill","seq":20235,"time":1618675801724,"qty":24940.0,"price":2488.05},{"feed":"trade","product_id":"FI_ETHUSD_210625","uid":"341bbfdf-8c83-4ac8-9c50-24383a67bcae","side":"buy","type":"fill","seq":20234,"time":1618675726754,"qty":50.0,"price":2485.95},{"feed":"trade","product_id":"FI_ETHUSD_210625","uid":"1d1b4e76-5745-4702-9683-7acc988cb1a2","side":"sell","type":"fill","seq":20233,"time":1618675484284,"qty":50.0,"price":2462.6},{"feed":"trade","product_id":"FI_ETHUSD_210625","uid":"bc41e155-cda9-48bb-9c53-fed800eea473","side":"buy","type":"fill","seq":20232,"time":1618675429335,"qty":2950.0,"price":2450.05},{"feed":"trade","product_id":"FI_ETHUSD_210625","uid":"a533865f-c886-4fff-ac5b-3b5827f607b2","side":"buy","type":"fill","seq":20231,"time":1618675429335,"qty":3000.0,"price":2449.55},{"feed":"trade","product_id":"FI_ETHUSD_210625","uid":"df241f3a-6dda-4047-a5a7-94c417df0d62","side":"buy","type":"fill","seq":20230,"time":1618675429335,"qty":2000.0,"price":2449.5},{"feed":"trade","product_id":"FI_ETHUSD_210625","uid":"f39f03c5-6f81-4537-9a3c-07dc762be388","side":"buy","type":"fill","seq":20229,"time":1618675429335,"qty":50.0,"price":2449.05},{"feed":"trade","product_id":"FI_ETHUSD_210625","uid":"3765d37c-b15d-4040-9574-17821ccd77fa","side":"sell","type":"fill","seq":20228,"time":1618675390682,"qty":4245.0,"price":2443.55},{"feed":"trade","product_id":"FI_ETHUSD_210625","uid":"52c2ac55-1159-42fe-94c9-1fc6b1ae6233","side":"sell","type":"fill","seq":20227,"time":1618675390682,"qty":710.0,"price":2443.6},{"feed":"trade","product_id":"FI_ETHUSD_210625","uid":"56871c1b-c3b2-4bf8-8adc-b77d6dd1b229","side":"sell","type":"fill","seq":20226,"time":1618675390682,"qty":23527.0,"price":2445.45},{"feed":"trade","product_id":"FI_ETHUSD_210625","uid":"1121553e-0cef-4a24-a05b-cb45f44b5764","side":"sell","type":"fill","seq":20225,"time":1618675390682,"qty":477.0,"price":2445.5},{"feed":"trade","product_id":"FI_ETHUSD_210625","uid":"80211d7a-faac-415e-b67f-5df5d656df4d","side":"sell","type":"fill","seq":20224,"time":1618675390682,"qty":477.0,"price":2445.5},{"feed":"trade","product_id":"FI_ETHUSD_210625","uid":"6dece9d2-d4da-4153-9675-d15e91adcd59","side":"sell","type":"fill","seq":20223,"time":1618675390682,"qty":564.0,"price":2447.65},{"feed":"trade","product_id":"FI_ETHUSD_210625","uid":"439c4557-2acf-4308-ba4f-faf33f76f11f","side":"sell","type":"fill","seq":20222,"time":1618675384459,"qty":72.0,"price":2450.35},{"feed":"trade","product_id":"FI_ETHUSD_210625","uid":"70bfbf63-7bcd-4e60-b843-6a4ff9d9e3fa","side":"buy","type":"fill","seq":20221,"time":1618675381047,"qty":3000.0,"price":2450.9},{"feed":"trade","product_id":"FI_ETHUSD_210625","uid":"826245bc-b020-467f-bbc6-e334ac7c7de8","side":"buy","type":"fill","seq":20220,"time":1618675380787,"qty":50.0,"price":2450.25},{"feed":"trade","product_id":"FI_ETHUSD_210625","uid":"46c94e48-108a-467a-81c3-d373bf0f019f","side":"sell","type":"fill","seq":20219,"time":1618675368332,"qty":324.0,"price":2448.95},{"feed":"trade","product_id":"FI_ETHUSD_210625","uid":"ac49e7a5-cb51-4ea7-b9aa-f8b93ccdcd29","side":"sell","type":"fill","seq":20218,"time":1618675367930,"qty":473.0,"price":2449.2},{"feed":"trade","product_id":"FI_ETHUSD_210625","uid":"41acb13e-93c2-46ed-80fd-6c94305d9d84","side":"sell","type":"fill","seq":20217,"time":1618675367924,"qty":960.0,"price":2449.25},{"feed":"trade","product_id":"FI_ETHUSD_210625","uid":"c3583784-d463-4ebc-945b-d51fcbeb9000","side":"sell","type":"fill","seq":20216,"time":1618675361187,"qty":542.0,"price":2448.7},{"feed":"trade","product_id":"FI_ETHUSD_210625","uid":"a0ce8046-4126-49a8-a2d0-34e00783b981","side":"sell","type":"fill","seq":20215,"time":1618675361187,"qty":620.0,"price":2448.7},{"feed":"trade","product_id":"FI_ETHUSD_210625","uid":"b71aced1-f5bc-485c-a44c-e792d0f1243f","side":"sell","type":"fill","seq":20214,"time":1618675361149,"qty":960.0,"price":2448.75},{"feed":"trade","product_id":"FI_ETHUSD_210625","uid":"620143e9-18a8-409f-a451-0a56f1eec6cb","side":"sell","type":"fill","seq":20213,"time":1618675357346,"qty":402.0,"price":2448.05},{"feed":"trade","product_id":"FI_ETHUSD_210625","uid":"ccd1b806-33a7-4533-812f-410237e5b62c","side":"sell","type":"fill","seq":20212,"time":1618675357040,"qty":843.0,"price":2448.05},{"feed":"trade","product_id":"FI_ETHUSD_210625","uid":"fb8fa497-c4c9-4d84-a012-401d14d8ea6a","side":"sell","type":"fill","seq":20211,"time":1618675357040,"qty":117.0,"price":2448.05},{"feed":"trade","product_id":"FI_ETHUSD_210625","uid":"843a283b-6fc6-4ffc-8cfb-ba47b1fd14a7","side":"sell","type":"fill","seq":20210,"time":1618675356898,"qty":28575.0,"price":2448.0},{"feed":"trade","product_id":"FI_ETHUSD_210625","uid":"a6c105f3-d877-47de-97a9-d33d57608653","side":"sell","type":"fill","seq":20209,"time":1618675356898,"qty":465.0,"price":2448.05},{"feed":"trade","product_id":"FI_ETHUSD_210625","uid":"57c0dac9-d938-4263-8215-a77b2ce530d6","side":"sell","type":"fill","seq":20208,"time":1618675356898,"qty":960.0,"price":2448.05},{"feed":"trade","product_id":"FI_ETHUSD_210625","uid":"7823cd98-3232-4250-ad37-a819953aa1f3","side":"sell","type":"fill","seq":20207,"time":1618675354590,"qty":50.0,"price":2447.5},{"feed":"trade","product_id":"FI_ETHUSD_210625","uid":"a6ee2ed4-d9d9-4563-94ec-5b32bc9c973e","side":"sell","type":"fill","seq":20206,"time":1618675354525,"qty":910.0,"price":2447.55},{"feed":"trade","product_id":"FI_ETHUSD_210625","uid":"642283d9-17d4-4766-ae9a-dd6a3f428c69","side":"sell","type":"fill","seq":20205,"time":1618675354524,"qty":50.0,"price":2447.55},{"feed":"trade","product_id":"FI_ETHUSD_210625","uid":"bc1d0b63-66cb-4b0e-8976-4a710bd9cc4b","side":"buy","type":"fill","seq":20204,"time":1618675350788,"qty":3000.0,"price":2450.0},{"feed":"trade","product_id":"FI_ETHUSD_210625","uid":"d9f63173-5adb-452f-a8a2-1e9170bab975","side":"buy","type":"fill","seq":20203,"time":1618675350729,"qty":50.0,"price":2449.9},{"feed":"trade","product_id":"FI_ETHUSD_210625","uid":"ca07c2dc-f0c2-48de-8a62-f2db1349b2f4","side":"sell","type":"fill","seq":20202,"time":1618675346550,"qty":960.0,"price":2450.75},{"feed":"trade","product_id":"FI_ETHUSD_210625","uid":"7a3d819d-8302-4c30-9fa8-cc60ef927aa7","side":"sell","type":"fill","seq":20201,"time":1618675345920,"qty":960.0,"price":2452.55},{"feed":"trade","product_id":"FI_ETHUSD_210625","uid":"829bbd9f-e60f-4eb8-b1fc-1376220fbf5e","side":"sell","type":"fill","seq":20200,"time":1618675341253,"qty":960.0,"price":2454.25},{"feed":"trade","product_id":"FI_ETHUSD_210625","uid":"46d4f6f5-bd48-4ac8-9f13-449eb84e88e3","side":"sell","type":"fill","seq":20199,"time":1618675339393,"qty":960.0,"price":2455.3},{"feed":"trade","product_id":"FI_ETHUSD_210625","uid":"82d35a71-3824-4bde-bbe4-5a2470a8cee2","side":"buy","type":"fill","seq":20198,"time":1618675337569,"qty":3000.0,"price":2454.95},{"feed":"trade","product_id":"FI_ETHUSD_210625","uid":"5505b539-d5dd-49ab-b768-2e8cc39653a0","side":"buy","type":"fill","seq":20197,"time":1618675337475,"qty":3000.0,"price":2454.45},{"feed":"trade","product_id":"FI_ETHUSD_210625","uid":"5c0d5a75-cd2d-40a8-946d-18fa0d22ca5d","side":"sell","type":"fill","seq":20196,"time":1618675333045,"qty":10.0,"price":2451.0},{"feed":"trade","product_id":"FI_ETHUSD_210625","uid":"5a0d3c6b-010f-4e35-a000-025e086860ee","side":"sell","type":"fill","seq":20195,"time":1618675326807,"qty":4543.0,"price":2451.05},{"feed":"trade","product_id":"FI_ETHUSD_210625","uid":"8b4d4ca3-4066-4ad6-a759-8fc25318e231","side":"sell","type":"fill","seq":20194,"time":1618675326807,"qty":497.0,"price":2451.1},{"feed":"trade","product_id":"FI_ETHUSD_210625","uid":"27e87ac5-4abb-4653-b514-d96f47812007","side":"sell","type":"fill","seq":20193,"time":1618675326807,"qty":24000.0,"price":2453.6},{"feed":"trade","product_id":"FI_ETHUSD_210625","uid":"a0e284d1-d8e7-4490-ab16-b8c72ea61a06","side":"sell","type":"fill","seq":20192,"time":1618675326807,"qty":960.0,"price":2454.55},{"feed":"trade","product_id":"FI_ETHUSD_210625","uid":"9ed36954-6bba-4894-b76c-8581a82d591e","side":"sell","type":"fill","seq":20191,"time":1618675322501,"qty":552.0,"price":2459.55},{"feed":"trade","product_id":"FI_ETHUSD_210625","uid":"3c1bc08e-9b6e-41a0-8161-21005a98d591","side":"sell","type":"fill","seq":20190,"time":1618675322501,"qty":50.0,"price":2459.9},{"feed":"trade","product_id":"FI_ETHUSD_210625","uid":"8b25b655-215c-46e2-ac20-c12284ccd9d3","side":"sell","type":"fill","seq":20189,"time":1618675322489,"qty":42.0,"price":2459.6},{"feed":"trade","product_id":"FI_ETHUSD_210625","uid":"3e9c59c9-6956-4717-a67d-c9cdef6b3ca3","side":"sell","type":"fill","seq":20188,"time":1618675322462,"qty":260.0,"price":2459.85},{"feed":"trade","product_id":"FI_ETHUSD_210625","uid":"e13bef93-63be-4217-8e91-4a8273bf6189","side":"buy","type":"fill","seq":20187,"time":1618675322193,"qty":3000.0,"price":2461.9},{"feed":"trade","product_id":"FI_ETHUSD_210625","uid":"eb9befeb-9c66-4662-9571-5649e1697d8d","side":"buy","type":"fill","seq":20186,"time":1618675321710,"qty":3000.0,"price":2461.35},{"feed":"trade","product_id":"FI_ETHUSD_210625","uid":"1d81575c-136c-4d71-b064-af54126b5119","side":"buy","type":"fill","seq":20185,"time":1618675312046,"qty":3000.0,"price":2457.65},{"feed":"trade","product_id":"FI_ETHUSD_210625","uid":"1b4c1562-3c80-450d-ad44-d2e34dce471a","side":"buy","type":"fill","seq":20184,"time":1618675311392,"qty":3000.0,"price":2456.85},{"feed":"trade","product_id":"FI_ETHUSD_210625","uid":"02842ca0-b814-4724-8002-13a66f649d6d","side":"sell","type":"fill","seq":20183,"time":1618675287459,"qty":700.0,"price":2458.5},{"feed":"trade","product_id":"FI_ETHUSD_210625","uid":"bc8b0a56-ca9b-40ce-8592-889981a24c0e","side":"sell","type":"fill","seq":20182,"time":1618675276104,"qty":960.0,"price":2460.2},{"feed":"trade","product_id":"FI_ETHUSD_210625","uid":"8a295c0c-4cbf-4780-82b4-7d4acb819f01","side":"sell","type":"fill","seq":20181,"time":1618675268685,"qty":960.0,"price":2461.25},{"feed":"trade","product_id":"FI_ETHUSD_210625","uid":"c9c0ba70-edfe-48ab-b368-d16258cde691","side":"sell","type":"fill","seq":20180,"time":1618675260442,"qty":960.0,"price":2464.2},{"feed":"trade","product_id":"FI_ETHUSD_210625","uid":"e43ffd2e-acee-487f-bb69-b7ce9bd9e97d","side":"sell","type":"fill","seq":20179,"time":1618675259854,"qty":831.0,"price":2465.65},{"feed":"trade","product_id":"FI_ETHUSD_210625","uid":"885accf5-d474-44c8-a5e7-6c4edc94c455","side":"sell","type":"fill","seq":20178,"time":1618675255446,"qty":50.0,"price":2467.15},{"feed":"trade","product_id":"FI_ETHUSD_210625","uid":"9f522951-7268-4918-af7f-8442a8b29251","side":"buy","type":"fill","seq":20177,"time":1618675251372,"qty":2350.0,"price":2467.95},{"feed":"trade","product_id":"FI_ETHUSD_210625","uid":"b01e81e9-ccba-43a7-bcc9-53b1e19873b8","side":"buy","type":"fill","seq":20176,"time":1618675251371,"qty":650.0,"price":2467.95},{"feed":"trade","product_id":"FI_ETHUSD_210625","uid":"a6556df9-ac21-4bb4-b200-e1b3a7124718","side":"buy","type":"fill","seq":20175,"time":1618675251203,"qty":1050.0,"price":2468.25},{"feed":"trade","product_id":"FI_ETHUSD_210625","uid":"44865328-5c22-4134-99ba-c81342ba5d52","side":"buy","type":"fill","seq":20174,"time":1618675251194,"qty":700.0,"price":2468.25},{"feed":"trade","product_id":"FI_ETHUSD_210625","uid":"108b4c32-d7c5-4386-ab00-72249592cf59","side":"buy","type":"fill","seq":20173,"time":1618675251194,"qty":1250.0,"price":2468.25},{"feed":"trade","product_id":"FI_ETHUSD_210625","uid":"df0e1b18-1949-4a52-9583-c8c18562a4ac","side":"buy","type":"fill","seq":20172,"time":1618675251032,"qty":50.0,"price":2467.8},{"feed":"trade","product_id":"FI_ETHUSD_210625","uid":"e39d87c8-2656-45f7-ba4c-70d18c1c9729","side":"buy","type":"fill","seq":20171,"time":1618675249919,"qty":1300.0,"price":2465.25},{"feed":"trade","product_id":"FI_ETHUSD_210625","uid":"54578631-ae25-4321-bda5-dd80d85c2c0e","side":"buy","type":"fill","seq":20170,"time":1618675249919,"qty":1000.0,"price":2465.25}]}
1618678101.864696: {"feed":"ticker_lite","product_id":"FI_BCHUSD_210625","bid":1130.8,"ask":1135.9,"change":-3.401185261530526,"premium":6.7,"volume":934560.0,"tag":"quarter","pair":"BCH:USD","dtm":68,"maturityTime":1624633200000}
1618678101.864735: {"feed":"ticker_lite","product_id":"FI_ETHUSD_210625","bid":2502.2,"ask":2505.15,"change":-2.968359458255032,"premium":5.8,"volume":3080960.0,"tag":"quarter","pair":"ETH:USD","dtm":68,"maturityTime":1624633200000}
