wss://futures.kraken.com/ws/v1 <-> 1626994927.139662
wss://futures.kraken.com/ws/v1 <- 1626994927.582819: {"event":"subscribe","feed":"book","product_ids":["fi_ethusd_211231","pi_xrpusd","pi_ltcusd","fi_bchusd_210730","pi_ethusd","fi_xbtusd_210924","fi_ethusd_210730","fi_bchusd_210924","fi_xrpusd_210924","fi_xbtusd_210730"]}
wss://futures.kraken.com/ws/v1 <- 1626994927.583035: {"event":"subscribe","feed":"trade","product_ids":["fi_ethusd_211231","pi_xrpusd","pi_ltcusd","fi_bchusd_210730","pi_ethusd","fi_xbtusd_210924","fi_ethusd_210730","fi_bchusd_210924","fi_xrpusd_210924","fi_xbtusd_210730"]}
wss://futures.kraken.com/ws/v1 <- 1626994927.583102: {"event":"subscribe","feed":"ticker_lite","product_ids":["fi_ethusd_211231","pi_xrpusd","pi_ltcusd","fi_bchusd_210730","pi_ethusd","fi_xbtusd_210924","fi_ethusd_210730","fi_bchusd_210924","fi_xrpusd_210924","fi_xbtusd_210730"]}
1626994927.583642: {"event":"info","version":1}
1626994927.6892228: {"event":"subscribed","feed":"book","product_ids":["FI_ETHUSD_211231"]}
1626994927.6892538: {"event":"subscribed","feed":"book","product_ids":["PI_XRPUSD"]}
1626994927.689264: {"event":"subscribed","feed":"book","product_ids":["PI_LTCUSD"]}
1626994927.6892722: {"event":"subscribed","feed":"book","product_ids":["FI_BCHUSD_210730"]}
1626994927.68928: {"event":"subscribed","feed":"book","product_ids":["PI_ETHUSD"]}
1626994927.689287: {"event":"subscribed","feed":"book","product_ids":["FI_XBTUSD_210924"]}
1626994927.6892931: {"event":"subscribed","feed":"book","product_ids":["FI_ETHUSD_210730"]}
1626994927.6893: {"event":"subscribed","feed":"book","product_ids":["FI_BCHUSD_210924"]}
1626994927.689307: {"event":"subscribed","feed":"book","product_ids":["FI_XRPUSD_210924"]}
1626994927.689313: {"event":"subscribed","feed":"book","product_ids":["FI_XBTUSD_210730"]}
1626994927.6893198: {"event":"subscribed","feed":"trade","product_ids":["FI_ETHUSD_211231"]}
1626994927.689326: {"event":"subscribed","feed":"trade","product_ids":["PI_XRPUSD"]}
1626994927.689333: {"event":"subscribed","feed":"trade","product_ids":["PI_LTCUSD"]}
1626994927.689339: {"event":"subscribed","feed":"trade","product_ids":["FI_BCHUSD_210730"]}
1626994927.689346: {"event":"subscribed","feed":"trade","product_ids":["PI_ETHUSD"]}
1626994927.689352: {"event":"subscribed","feed":"trade","product_ids":["FI_XBTUSD_210924"]}
1626994927.689358: {"event":"subscribed","feed":"trade","product_ids":["FI_ETHUSD_210730"]}
1626994927.689365: {"event":"subscribed","feed":"trade","product_ids":["FI_BCHUSD_210924"]}
1626994927.689377: {"event":"subscribed","feed":"trade","product_ids":["FI_XRPUSD_210924"]}
1626994927.689384: {"event":"subscribed","feed":"trade","product_ids":["FI_XBTUSD_210730"]}
1626994927.6893911: {"event":"subscribed","feed":"ticker_lite","product_ids":["FI_ETHUSD_211231"]}
1626994927.689398: {"event":"subscribed","feed":"ticker_lite","product_ids":["PI_XRPUSD"]}
1626994927.689404: {"event":"subscribed","feed":"ticker_lite","product_ids":["PI_LTCUSD"]}
1626994927.6894112: {"event":"subscribed","feed":"ticker_lite","product_ids":["FI_BCHUSD_210730"]}
1626994927.689417: {"event":"subscribed","feed":"ticker_lite","product_ids":["PI_ETHUSD"]}
1626994927.6894238: {"event":"subscribed","feed":"ticker_lite","product_ids":["FI_XBTUSD_210924"]}
1626994927.68943: {"event":"subscribed","feed":"ticker_lite","product_ids":["FI_ETHUSD_210730"]}
1626994927.689437: {"event":"subscribed","feed":"ticker_lite","product_ids":["FI_BCHUSD_210924"]}
1626994927.689444: {"event":"subscribed","feed":"ticker_lite","product_ids":["FI_XRPUSD_210924"]}
1626994927.68945: {"event":"subscribed","feed":"ticker_lite","product_ids":["FI_XBTUSD_210730"]}
1626994927.690547: {"feed":"book_snapshot","product_id":"FI_BCHUSD_210730","timestamp":1626994925378,"seq":91192,"tickSize":null,"bids":[{"price":439.3,"qty":20108.0},{"price":438.9,"qty":23706.0},{"price":438.5,"qty":30511.0},{"price":438.0,"qty":33349.0},{"price":435.5,"qty":7954.0},{"price":434.7,"qty":79088.0},{"price":434.2,"qty":40266.0},{"price":433.4,"qty":4794.0},{"price":433.2,"qty":40841.0},{"price":431.8,"qty":48120.0},{"price":423.6,"qty":23755.0}],"asks":[{"price":439.6,"qty":50.0},{"price":439.9,"qty":21692.0},{"price":440.2,"qty":7954.0},{"price":440.3,"qty":24200.0},{"price":440.7,"qty":18940.0},{"price":443.2,"qty":78441.0},{"price":443.6,"qty":39149.0},{"price":443.7,"qty":4872.0},{"price":444.3,"qty":40026.0},{"price":444.5,"qty":24521.0},{"price":445.6,"qty":24584.0},{"price":453.1,"qty":23452.0}]}
1626994927.690798: {"feed":"book_snapshot","product_id":"FI_XBTUSD_210730","timestamp":1626994927654,"seq":5159966,"tickSize":null,"bids":[{"price":32170.5,"qty":1200.0},{"price":32170.0,"qty":130775.0},{"price":32159.0,"qty":50.0},{"price":32157.0,"qty":30000.0},{"price":32152.0,"qty":4688.0},{"price":32151.0,"qty":122259.0},{"price":32136.0,"qty":644.0},{"price":32135.0,"qty":266701.0},{"price":32128.5,"qty":547.0},{"price":32121.5,"qty":1500.0},{"price":32120.0,"qty":618.0},{"price":32112.5,"qty":2894.0},{"price":32111.0,"qty":263464.0},{"price":32100.5,"qty":6400.0},{"price":32098.0,"qty":250001.0},{"price":32097.5,"qty":60000.0},{"price":32091.0,"qty":271424.0},{"price":32052.0,"qty":800.0},{"price":32051.5,"qty":120000.0},{"price":32030.5,"qty":250002.0},{"price":32030.0,"qty":240000.0},{"price":32016.5,"qty":14850.0},{"price":32000.5,"qty":77164.0},{"price":31993.5,"qty":40144.0},{"price":31952.0,"qty":75648.0},{"price":31930.5,"qty":73843.0},{"price":31690.0,"qty":44296.0},{"price":31654.0,"qty":45792.0},{"price":31514.0,"qty":11000.0},{"price":31412.0,"qty":44644.0},{"price":30833.0,"qty":22000.0},{"price":30152.0,"qty":44000.0},{"price":29601.0,"qty":202269.0},{"price":21222.5,"qty":203321.0},{"price":18420.0,"qty":61000.0}],"asks":[{"price":32192.5,"qty":1200.0},{"price":32200.5,"qty":251.0},{"price":32201.0,"qty":163931.0},{"price":32206.5,"qty":30000.0},{"price":32219.5,"qty":149559.0},{"price":32235.5,"qty":60000.0},{"price":32237.5,"qty":146744.0},{"price":32243.0,"qty":512.0},{"price":32254.0,"qty":2400.0},{"price":32259.0,"qty":250001.0},{"price":32259.5,"qty":257216.0},{"price":32264.5,"qty":4688.0},{"price":32267.5,"qty":14850.0},{"price":32277.5,"qty":6400.0},{"price":32278.0,"qty":120000.0},{"price":32297.5,"qty":51206.0},{"price":32349.0,"qty":250002.0},{"price":32349.5,"qty":240000.0},{"price":32416.5,"qty":75820.0},{"price":32429.0,"qty":77140.0},{"price":32517.5,"qty":72789.0},{"price":32550.0,"qty":10000.0},{"price":32620.0,"qty":43854.0},{"price":32851.0,"qty":43723.0},{"price":33306.0,"qty":46342.0},{"price":35700.0,"qty":130.0},{"price":79000.0,"qty":250000.0}]}
1626994927.7799182: {"feed":"trade_snapshot","product_id":"FI_BCHUSD_210730","trades":[{"feed":"trade","product_id":"FI_BCHUSD_210730","uid":"8b3e7e72-950c-4c4e-8ab8-24aebcab80d2","side":"buy","type":"fill","seq":1487,"time":1626994887094,"qty":50.0,"price":439.2},{"feed":"trade","product_id":"FI_BCHUSD_210730","uid":"088686e3-bfdb-412f-8866-773f286d892e","side":"sell","type":"fill","seq":1486,"time":1626994880995,"qty":25760.0,"price":438.9},{"feed":"trade","product_id":"FI_BCHUSD_210730","uid":"e89ccbec-79bd-45e0-91a3-56babe0d77a5","side":"buy","type":"fill","seq":1485,"time":1626994583662,"qty":50.0,"price":440.5},{"feed":"trade","product_id":"FI_BCHUSD_210730","uid":"eeac72ce-2118-4889-acd8-64ef102f8e78","side":"buy","type":"fill","seq":1484,"time":1626994250239,"qty":50.0,"price":440.5},{"feed":"trade","product_id":"FI_BCHUSD_210730","uid":"d301b15d-1f02-465e-a3f3-53185d6157f4","side":"buy","type":"fill","seq":1483,"time":1626994127020,"qty":50.0,"price":440.2},{"feed":"trade","product_id":"FI_BCHUSD_210730","uid":"8618efd1-d86e-4cc6-8ddc-f24b81b4225d","side":"buy","type":"fill","seq":1482,"time":1626994127020,"qty":7954.0,"price":440.2},{"feed":"trade","product_id":"FI_BCHUSD_210730","uid":"d70dc78f-76cb-4f6e-9530-2922f5449749","side":"sell","type":"fill","seq":1481,"time":1626994126439,"qty":100.0,"price":440.1},{"feed":"trade","product_id":"FI_BCHUSD_210730","uid":"31a09fc5-1d9d-4194-9bdd-bc16a2709f12","side":"sell","type":"fill","seq":1480,"time":1626994126432,"qty":100.0,"price":440.1},{"feed":"trade","product_id":"FI_BCHUSD_210730","uid":"9e361bdc-57a4-42f9-9a86-9ff9686cd555","side":"sell","type":"fill","seq":1479,"time":1626994086900,"qty":3817.0,"price":439.2},{"feed":"trade","product_id":"FI_BCHUSD_210730","uid":"26ba186f-2d4b-4b74-ab95-5b0b4efe463d","side":"buy","type":"fill","seq":1478,"time":1626993927954,"qty":50.0,"price":439.2},{"feed":"trade","product_id":"FI_BCHUSD_210730","uid":"37e14176-057e-4d94-bd3e-9bee95c372bc","side":"buy","type":"fill","seq":1477,"time":1626993870092,"qty":50.0,"price":439.1},{"feed":"trade","product_id":"FI_BCHUSD_210730","uid":"2ee33a75-c866-49e2-9274-832c78cda275","side":"buy","type":"fill","seq":1476,"time":1626993793832,"qty":50.0,"price":438.7},{"feed":"trade","product_id":"FI_BCHUSD_210730","uid":"e6ed225d-8b81-4299-8d18-36550a33ad5d","side":"buy","type":"fill","seq":1475,"time":1626993349556,"qty":50.0,"price":437.7},{"feed":"trade","product_id":"FI_BCHUSD_210730","uid":"0132eabe-d12e-4552-b3ba-81d1a81dbbf1","side":"sell","type":"fill","seq":1474,"time":1626993004962,"qty":50.0,"price":436.1},{"feed":"trade","product_id":"FI_BCHUSD_210730","uid":"5fe74730-9643-4706-a77c-2e6304db8c82","side":"sell","type":"fill","seq":1473,"time":1626992574672,"qty":50.0,"price":435.9},{"feed":"trade","product_id":"FI_BCHUSD_210730","uid":"056c6486-5e1e-4927-8afa-bb85f44b1a4a","side":"sell","type":"fill","seq":1472,"time":1626992469959,"qty":50.0,"price":437.1},{"feed":"trade","product_id":"FI_BCHUSD_210730","uid":"f7e121f4-3229-44c0-a50c-9733f554c337","side":"sell","type":"fill","seq":1471,"time":1626992229371,"qty":50.0,"price":436.8},{"feed":"trade","product_id":"FI_BCHUSD_210730","uid":"65ae53bf-7938-468d-8975-985d308af18c","side":"sell","type":"fill","seq":1470,"time":1626991994849,"qty":50.0,"price":437.8},{"feed":"trade","product_id":"FI_BCHUSD_210730","uid":"8ca4661b-bbd0-47a2-9b1e-db4793ae7912","side":"sell","type":"fill","seq":1469,"time":1626991994849,"qty":6604.0,"price":437.8},{"feed":"trade","product_id":"FI_BCHUSD_210730","uid":"9193fa5b-663e-459b-84c8-eb84cfd65cc3","side":"sell","type":"fill","seq":1468,"time":1626991994738,"qty":150.0,"price":437.8},{"feed":"trade","product_id":"FI_BCHUSD_210730","uid":"00651b25-3031-408d-89d1-51b790999921","side":"sell","type":"fill","seq":1467,"time":1626991994653,"qty":200.0,"price":437.8},{"feed":"trade","product_id":"FI_BCHUSD_210730","uid":"75cc355c-e16d-4f4e-b38c-37c7d7b0b2b0","side":"sell","type":"fill","seq":1466,"time":1626991994622,"qty":100.0,"price":437.8},{"feed":"trade","product_id":"FI_BCHUSD_210730","uid":"fb1cb059-3cb0-458b-9c9d-954f830ffab0","side":"sell","type":"fill","seq":1465,"time":1626991994621,"qty":100.0,"price":437.8},{"feed":"trade","product_id":"FI_BCHUSD_210730","uid":"34a99385-00ff-4437-b2ee-efea68c7299d","side":"sell","type":"fill","seq":1464,"time":1626991994611,"qty":100.0,"price":437.8},{"feed":"trade","product_id":"FI_BCHUSD_210730","uid":"0aa71495-46d3-4afb-9ebd-09dc70661b5d","side":"sell","type":"fill","seq":1463,"time":1626991994610,"qty":200.0,"price":437.8},{"feed":"trade","product_id":"FI_BCHUSD_210730","uid":"107b4b44-f049-452c-a166-85cee4f316d5","side":"sell","type":"fill","seq":1462,"time":1626991994609,"qty":500.0,"price":437.8},{"feed":"trade","product_id":"FI_BCHUSD_210730","uid":"ee0fb828-e7ba-4b34-ba09-739e7c9ac577","side":"buy","type":"fill","seq":1461,"time":1626991981491,"qty":73.0,"price":438.2},{"feed":"trade","product_id":"FI_BCHUSD_210730","uid":"17595075-2a45-41d3-9da9-745c53e59a82","side":"buy","type":"fill","seq":1460,"time":1626991980137,"qty":26852.0,"price":438.2},{"feed":"trade","product_id":"FI_BCHUSD_210730","uid":"d45a70ce-8570-4c16-a72e-55af1b1da690","side":"buy","type":"fill","seq":1459,"time":1626991915324,"qty":23125.0,"price":437.9},{"feed":"trade","product_id":"FI_BCHUSD_210730","uid":"0a2c4e62-6519-497e-aeec-b45a0097338f","side":"sell","type":"fill","seq":1458,"time":1626991900472,"qty":50.0,"price":437.5},{"feed":"trade","product_id":"FI_BCHUSD_210730","uid":"74dbcd78-1bc1-47a2-b5c1-c3bd413c67ed","side":"buy","type":"fill","seq":1457,"time":1626991893453,"qty":4960.0,"price":437.9},{"feed":"trade","product_id":"FI_BCHUSD_210730","uid":"0c9888e2-6d0b-4ce8-a13b-7b1cbc2db078","side":"buy","type":"fill","seq":1456,"time":1626991867824,"qty":69.0,"price":437.9},{"feed":"trade","product_id":"FI_BCHUSD_210730","uid":"86f86560-ff6d-4d2c-b499-e440eac146e5","side":"buy","type":"fill","seq":1455,"time":1626991866842,"qty":13874.0,"price":437.9},{"feed":"trade","product_id":"FI_BCHUSD_210730","uid":"9b91ad4b-4e24-4d5c-b05e-a7cf324da4e4","side":"buy","type":"fill","seq":1454,"time":1626991866842,"qty":24222.0,"price":437.6},{"feed":"trade","product_id":"FI_BCHUSD_210730","uid":"883023a5-292c-46d6-afe4-f973ba88c8d9","side":"sell","type":"fill","seq":1453,"time":1626991859570,"qty":50.0,"price":437.5},{"feed":"trade","product_id":"FI_BCHUSD_210730","uid":"6919c555-5ddb-416a-9853-ff152ec4a727","side":"buy","type":"fill","seq":1452,"time":1626991746047,"qty":68.0,"price":437.9},{"feed":"trade","product_id":"FI_BCHUSD_210730","uid":"ab01e937-c216-4d67-8c1e-afeaff7265c9","side":"buy","type":"fill","seq":1451,"time":1626991744928,"qty":21095.0,"price":437.5},{"feed":"trade","product_id":"FI_BCHUSD_210730","uid":"f733b678-a680-411b-81c9-83e50a7dded1","side":"sell","type":"fill","seq":1450,"time":1626991505577,"qty":50.0,"price":437.2},{"feed":"trade","product_id":"FI_BCHUSD_210730","uid":"496b8840-df6f-42ca-9c80-ad37e5faee53","side":"sell","type":"fill","seq":1449,"time":1626991495220,"qty":50.0,"price":437.2},{"feed":"trade","product_id":"FI_BCHUSD_210730","uid":"28540329-1acc-455c-a521-9a409ece3e3d","side":"sell","type":"fill","seq":1448,"time":1626991495173,"qty":50.0,"price":437.1},{"feed":"trade","product_id":"FI_BCHUSD_210730","uid":"53e793df-39db-4308-a3f5-df60f3ec9b77","side":"buy","type":"fill","seq":1447,"time":1626991463835,"qty":15389.0,"price":437.7},{"feed":"trade","product_id":"FI_BCHUSD_210730","uid":"66cc1d17-99e7-450f-beb0-70e665691ebc","side":"buy","type":"fill","seq":1446,"time":1626991409421,"qty":3810.0,"price":437.7},{"feed":"trade","product_id":"FI_BCHUSD_210730","uid":"77ef1f93-42dc-433c-87cf-de9f2f781ccf","side":"buy","type":"fill","seq":1445,"time":1626991391514,"qty":56.0,"price":438.2},{"feed":"trade","product_id":"FI_BCHUSD_210730","uid":"6bcceddd-6568-4060-9d2e-9a093b525f8d","side":"buy","type":"fill","seq":1444,"time":1626991390542,"qty":22202.0,"price":437.7},{"feed":"trade","product_id":"FI_BCHUSD_210730","uid":"ab580bbd-210b-4a9b-92b9-355e70df8198","side":"buy","type":"fill","seq":1443,"time":1626991273209,"qty":100.0,"price":437.5},{"feed":"trade","product_id":"FI_BCHUSD_210730","uid":"5db97af9-92ca-494f-9c6f-a707cf0f8f0c","side":"buy","type":"fill","seq":1442,"time":1626991272154,"qty":23946.0,"price":437.1},{"feed":"trade","product_id":"FI_BCHUSD_210730","uid":"d11842e5-b9dd-4b8d-b028-d4516458ef41","side":"sell","type":"fill","seq":1441,"time":1626991161726,"qty":50.0,"price":436.4},{"feed":"trade","product_id":"FI_BCHUSD_210730","uid":"17b91748-1e8e-4116-a876-5a53723d19f7","side":"buy","type":"fill","seq":1440,"time":1626991140598,"qty":18239.0,"price":437.0},{"feed":"trade","product_id":"FI_BCHUSD_210730","uid":"4beb2287-bb50-46f2-ab26-004171ec1f58","side":"sell","type":"fill","seq":1439,"time":1626991139572,"qty":50.0,"price":436.8},{"feed":"trade","product_id":"FI_BCHUSD_210730","uid":"0f26d666-ae40-42d1-9cc6-3251f910afc3","side":"buy","type":"fill","seq":1438,"time":1626991124412,"qty":88.0,"price":437.9},{"feed":"trade","product_id":"FI_BCHUSD_210730","uid":"0d1651e3-0ed7-49e2-a331-e77a79d7b00a","side":"buy","type":"fill","seq":1437,"time":1626991123121,"qty":22189.0,"price":437.9},{"feed":"trade","product_id":"FI_BCHUSD_210730","uid":"f6cb6e54-d2d6-4f2c-ae33-c24378aca399","side":"buy","type":"fill","seq":1436,"time":1626991071600,"qty":19584.0,"price":437.3},{"feed":"trade","product_id":"FI_BCHUSD_210730","uid":"e8ac2879-2f37-4022-81ec-7248ab05f3d7","side":"sell","type":"fill","seq":1435,"time":1626991027299,"qty":50.0,"price":437.1},{"feed":"trade","product_id":"FI_BCHUSD_210730","uid":"12048e9d-bbca-4115-b781-28d315e07cb6","side":"buy","type":"fill","seq":1434,"time":1626990987246,"qty":78.0,"price":438.5},{"feed":"trade","product_id":"FI_BCHUSD_210730","uid":"6cc7e37b-0208-4200-8412-23938402e62e","side":"buy","type":"fill","seq":1433,"time":1626990987246,"qty":5.0,"price":437.9},{"feed":"trade","product_id":"FI_BCHUSD_210730","uid":"0d35cf55-f367-4986-a548-a3b5bf972b9a","side":"buy","type":"fill","seq":1432,"time":1626990985727,"qty":19993.0,"price":437.9},{"feed":"trade","product_id":"FI_BCHUSD_210730","uid":"bdb9c83e-4fff-4f71-aa1e-20d7780d8655","side":"sell","type":"fill","seq":1431,"time":1626990830033,"qty":50.0,"price":439.2},{"feed":"trade","product_id":"FI_BCHUSD_210730","uid":"3df6353d-9059-4f49-9bb6-a29091f3724c","side":"buy","type":"fill","seq":1430,"time":1626990741284,"qty":6120.0,"price":440.5},{"feed":"trade","product_id":"FI_BCHUSD_210730","uid":"dd860aee-c9c6-4c7f-aec6-3414a987d2fb","side":"sell","type":"fill","seq":1429,"time":1626989508361,"qty":50.0,"price":440.9},{"feed":"trade","product_id":"FI_BCHUSD_210730","uid":"d89861f0-01f2-49e9-91f4-fbbef1b000f3","side":"sell","type":"fill","seq":1428,"time":1626989360148,"qty":50.0,"price":440.9},{"feed":"trade","product_id":"FI_BCHUSD_210730","uid":"5e0d93dd-7b36-4159-9697-ef6d1fa5d0d9","side":"sell","type":"fill","seq":1427,"time":1626987021422,"qty":50.0,"price":441.9},{"feed":"trade","product_id":"FI_BCHUSD_210730","uid":"3cf0dae0-995a-459e-8d0c-102fe12ce57b","side":"sell","type":"fill","seq":1426,"time":1626985808985,"qty":10320.0,"price":440.6},{"feed":"trade","product_id":"FI_BCHUSD_210730","uid":"ccfac767-7877-42bd-9836-0b85fdeb9106","side":"buy","type":"fill","seq":1425,"time":1626985808692,"qty":50.0,"price":440.9},{"feed":"trade","product_id":"FI_BCHUSD_210730","uid":"559b0803-bcc4-4098-b72e-3746b769cf70","side":"sell","type":"fill","seq":1424,"time":1626985649605,"qty":9234.0,"price":440.4},{"feed":"trade","product_id":"FI_BCHUSD_210730","uid":"904d78a5-07e3-476d-9d00-4f3047d7184d","side":"sell","type":"fill","seq":1423,"time":1626983639005,"qty":14204.0,"price":442.0},{"feed":"trade","product_id":"FI_BCHUSD_210730","uid":"4a35efee-25d0-4389-a167-3f289e55a3d5","side":"sell","type":"fill","seq":1422,"time":1626983478094,"qty":9241.0,"price":441.8},{"feed":"trade","product_id":"FI_BCHUSD_210730","uid":"df6e9a4a-f925-4195-97be-7bf6972228cb","side":"sell","type":"fill","seq":1421,"time":1626983222300,"qty":23387.0,"price":441.6},{"feed":"trade","product_id":"FI_BCHUSD_210730","uid":"03dfb16a-1f76-4432-9061-f46a21dbffed","side":"sell","type":"fill","seq":1420,"time":1626983222300,"qty":50.0,"price":441.7},{"feed":"trade","product_id":"FI_BCHUSD_210730","uid":"74177753-3bf0-489f-aecc-a7e8ba64b8d0","side":"sell","type":"fill","seq":1419,"time":1626982523291,"qty":7673.0,"price":442.1},{"feed":"trade","product_id":"FI_BCHUSD_210730","uid":"201fbc8d-8b9f-4eb3-938d-63c1aee0a09f","side":"sell","type":"fill","seq":1418,"time":1626982452203,"qty":20317.0,"price":441.7},{"feed":"trade","product_id":"FI_BCHUSD_210730","uid":"33b71827-f582-4d46-8dd2-744efb9a452d","side":"buy","type":"fill","seq":1417,"time":1626982447406,"qty":50.0,"price":441.9},{"feed":"trade","product_id":"FI_BCHUSD_210730","uid":"f49bfe31-903c-4b65-8a66-f1b1073b2984","side":"sell","type":"fill","seq":1416,"time":1626982380719,"qty":4029.0,"price":441.3},{"feed":"trade","product_id":"FI_BCHUSD_210730","uid":"23078e75-ebd6-4992-a8d3-8bca8aec2342","side":"sell","type":"fill","seq":1415,"time":1626982339863,"qty":3874.0,"price":441.4},{"feed":"trade","product_id":"FI_BCHUSD_210730","uid":"a18418d3-3078-46e3-a932-8571dd7ef329","side":"sell","type":"fill","seq":1414,"time":1626982174726,"qty":20842.0,"price":441.8},{"feed":"trade","product_id":"FI_BCHUSD_210730","uid":"e6afae5c-3f7f-4022-952d-dcf08fcb7e14","side":"buy","type":"fill","seq":1413,"time":1626982157556,"qty":50.0,"price":442.1},{"feed":"trade","product_id":"FI_BCHUSD_210730","uid":"51ef1add-8caf-4b4e-b7a5-a964b5c33215","side":"sell","type":"fill","seq":1412,"time":1626982134065,"qty":19983.0,"price":441.6},{"feed":"trade","product_id":"FI_BCHUSD_210730","uid":"00198d04-6372-433f-a739-5467ce25430b","side":"sell","type":"fill","seq":1411,"time":1626982093162,"qty":3974.0,"price":441.6},{"feed":"trade","product_id":"FI_BCHUSD_210730","uid":"32117977-4c59-4c33-b295-2c182ad1b67b","side":"sell","type":"fill","seq":1410,"time":1626982052428,"qty":3902.0,"price":441.9},{"feed":"trade","product_id":"FI_BCHUSD_210730","uid":"4c0f0ede-975b-4c70-8467-4192201b750b","side":"buy","type":"fill","seq":1409,"time":1626982008164,"qty":50.0,"price":442.1},{"feed":"trade","product_id":"FI_BCHUSD_210730","uid":"bff733f1-5f66-40fb-a867-d7836fa4df02","side":"sell","type":"fill","seq":1408,"time":1626981887373,"qty":19084.0,"price":442.2},{"feed":"trade","product_id":"FI_BCHUSD_210730","uid":"7094674e-bc17-431d-a8ff-938719ea7a1f","side":"buy","type":"fill","seq":1407,"time":1626981794906,"qty":50.0,"price":442.6},{"feed":"trade","product_id":"FI_BCHUSD_210730","uid":"05c227b5-a0c5-4160-91eb-b106ac58d891","side":"sell","type":"fill","seq":1406,"time":1626981608925,"qty":3899.0,"price":442.3},{"feed":"trade","product_id":"FI_BCHUSD_210730","uid":"4860c8a7-652b-4640-b9e0-c8c4753148d2","side":"buy","type":"fill","seq":1405,"time":1626981520079,"qty":50.0,"price":442.0},{"feed":"trade","product_id":"FI_BCHUSD_210730","uid":"af70e7d4-b59b-479d-a3e8-db1b596ff70f","side":"buy","type":"fill","seq":1404,"time":1626980971874,"qty":50.0,"price":441.7},{"feed":"trade","product_id":"FI_BCHUSD_210730","uid":"c305b4e0-f352-4824-a190-94c40d3f2495","side":"buy","type":"fill","seq":1403,"time":1626980155364,"qty":100.0,"price":440.5},{"feed":"trade","product_id":"FI_BCHUSD_210730","uid":"1f39e6b2-c47f-479b-82ea-178d43ec243a","side":"buy","type":"fill","seq":1402,"time":1626980155343,"qty":100.0,"price":440.5},{"feed":"trade","product_id":"FI_BCHUSD_210730","uid":"f5684725-2def-43dc-9767-96cf4cbb1e8a","side":"buy","type":"fill","seq":1401,"time":1626980155320,"qty":600.0,"price":440.5},{"feed":"trade","product_id":"FI_BCHUSD_210730","uid":"41fa2924-5b42-4f07-ba1b-121d0dc036f5","side":"buy","type":"fill","seq":1400,"time":1626980112774,"qty":100.0,"price":440.5},{"feed":"trade","product_id":"FI_BCHUSD_210730","uid":"81edf423-b53f-42a7-8b59-2970088f2888","side":"buy","type":"fill","seq":1399,"time":1626980112738,"qty":100.0,"price":440.5},{"feed":"trade","product_id":"FI_BCHUSD_210730","uid":"0af24c9c-f53d-4732-89bb-aa7438cc94b0","side":"buy","type":"fill","seq":1398,"time":1626979799035,"qty":4760.0,"price":440.3},{"feed":"trade","product_id":"FI_BCHUSD_210730","uid":"5caa8d63-86a7-40d0-b6e1-c922c536bddc","side":"buy","type":"fill","seq":1397,"time":1626979753370,"qty":100.0,"price":440.0},{"feed":"trade","product_id":"FI_BCHUSD_210730","uid":"85cffc8b-4d5a-49e7-9f39-de450d30b43c","side":"buy","type":"fill","seq":1396,"time":1626979738211,"qty":1968.0,"price":440.3},{"feed":"trade","product_id":"FI_BCHUSD_210730","uid":"8fda0a46-2e23-4473-984d-a2cce7226498","side":"buy","type":"fill","seq":1395,"time":1626979707882,"qty":25720.0,"price":440.3},{"feed":"trade","product_id":"FI_BCHUSD_210730","uid":"73ec9fd2-cc83-4a6b-920d-56c92a7fbdec","side":"buy","type":"fill","seq":1394,"time":1626979554154,"qty":15.0,"price":440.4},{"feed":"trade","product_id":"FI_BCHUSD_210730","uid":"206e6cab-14cb-49e1-bfc1-76e38cf78e88","side":"buy","type":"fill","seq":1393,"time":1626979554154,"qty":62.0,"price":440.0},{"feed":"trade","product_id":"FI_BCHUSD_210730","uid":"32de09f3-051f-4ff7-9b3f-76fda74b3c88","side":"buy","type":"fill","seq":1392,"time":1626979542366,"qty":22630.0,"price":440.0},{"feed":"trade","product_id":"FI_BCHUSD_210730","uid":"6384a9af-b133-446a-a890-02b8863fb345","side":"buy","type":"fill","seq":1391,"time":1626979501175,"qty":4989.0,"price":439.9},{"feed":"trade","product_id":"FI_BCHUSD_210730","uid":"e24bde05-9dfc-43a2-a62d-926a7546f8cc","side":"sell","type":"fill","seq":1390,"time":1626979163976,"qty":50.0,"price":439.9},{"feed":"trade","product_id":"FI_BCHUSD_210730","uid":"7606f53c-fabd-48f2-8247-912cc6f1b22e","side":"buy","type":"fill","seq":1389,"time":1626979159254,"qty":200.0,"price":440.0},{"feed":"trade","product_id":"FI_BCHUSD_210730","uid":"8eaf71b7-81ac-4348-a859-edec0f3cf708","side":"buy","type":"fill","seq":1388,"time":1626979159119,"qty":100.0,"price":440.0}]}
1626994927.780419: {"feed":"ticker_lite","product_id":"FI_BCHUSD_210730","bid":439.3,"ask":439.6,"change":2.640803926150981,"premium":0.3,"volume":3413476.0,"tag":"month","pair":"BCH:USD","dtm":7,"maturityTime":1627657200000}
1626994927.780458: {"feed":"book_snapshot","product_id":"FI_XBTUSD_210924","timestamp":1626994927655,"seq":13501560,"tickSize":null,"bids":[{"price":32189.5,"qty":1130.0},{"price":32188.5,"qty":15741.0},{"price":32188.0,"qty":168386.0},{"price":32181.5,"qty":3000.0},{"price":32180.0,"qty":3639.0},{"price":32177.5,"qty":27000.0},{"price":32176.5,"qty":1900.0},{"price":32174.5,"qty":10198.0},{"price":32171.5,"qty":8000.0},{"price":32168.0,"qty":1079.0},{"price":32165.5,"qty":211781.0},{"price":32161.5,"qty":3000.0},{"price":32161.0,"qty":1000.0},{"price":32155.5,"qty":3000.0},{"price":32155.0,"qty":3000.0},{"price":32154.0,"qty":1900.0},{"price":32153.0,"qty":20901.0},{"price":32152.5,"qty":10000.0},{"price":32150.5,"qty":789.0},{"price":32147.0,"qty":3000.0},{"price":32145.0,"qty":19460.0},{"price":32142.5,"qty":5000.0},{"price":32141.5,"qty":1500.0},{"price":32139.5,"qty":3908.0},{"price":32133.5,"qty":2400.0},{"price":32130.0,"qty":250001.0},{"price":32129.5,"qty":303499.0},{"price":32127.5,"qty":20865.0},{"price":32117.5,"qty":6400.0},{"price":32116.5,"qty":1900.0},{"price":32115.0,"qty":26093.0},{"price":32112.5,"qty":18960.0},{"price":32110.0,"qty":54000.0},{"price":32102.0,"qty":100.0},{"price":32100.5,"qty":21665.0},{"price":32097.5,"qty":260321.0},{"price":32079.5,"qty":102974.0},{"price":32077.5,"qty":26093.0},{"price":32068.5,"qty":18960.0},{"price":32040.0,"qty":26093.0},{"price":32039.5,"qty":250002.0},{"price":32039.0,"qty":108000.0},{"price":32029.0,"qty":18960.0},{"price":32018.5,"qty":216000.0},{"price":32016.0,"qty":101572.0},{"price":32000.0,"qty":200.0},{"price":31995.0,"qty":99286.0},{"price":31936.0,"qty":25261.0},{"price":31933.5,"qty":25263.0},{"price":31895.5,"qty":23526.0},{"price":31889.0,"qty":58696.0},{"price":31740.5,"qty":58990.0},{"price":31616.0,"qty":5000.0},{"price":31605.0,"qty":356.0},{"price":31498.0,"qty":60614.0},{"price":31039.0,"qty":31000.0},{"price":30935.0,"qty":10000.0},{"price":30924.0,"qty":712.0},{"price":30895.0,"qty":250.0},{"price":30885.0,"qty":30000.0},{"price":30254.0,"qty":20000.0},{"price":30243.0,"qty":1424.0},{"price":30025.0,"qty":2500.0},{"price":29901.0,"qty":12500.0},{"price":29200.0,"qty":21.0},{"price":29100.0,"qty":5000.0},{"price":29022.5,"qty":2000.0},{"price":29014.0,"qty":20000.0},{"price":29000.0,"qty":55000.0},{"price":28977.0,"qty":100.0},{"price":28900.0,"qty":5000.0},{"price":28800.0,"qty":5000.0},{"price":28751.0,"qty":5000.0},{"price":28500.0,"qty":250000.0},{"price":28343.0,"qty":2100.0},{"price":28000.0,"qty":5000.0},{"price":27875.0,"qty":5000.0},{"price":27123.0,"qty":25000.0},{"price":27068.0,"qty":200.0},{"price":27000.0,"qty":27100.0},{"price":26000.0,"qty":50100.0},{"price":25200.0,"qty":250000.0},{"price":25000.0,"qty":100.0},{"price":24475.0,"qty":60000.0},{"price":24000.0,"qty":5100.0},{"price":23969.0,"qty":500.0},{"price":23475.0,"qty":60000.0},{"price":21788.5,"qty":60000.0},{"price":20669.0,"qty":500.0},{"price":20420.0,"qty":65000.0},{"price":20000.0,"qty":10001.0},{"price":19475.0,"qty":160000.0},{"price":18000.0,"qty":10000.0},{"price":16915.5,"qty":100000.0},{"price":16501.0,"qty":1000.0},{"price":15000.0,"qty":208200.0},{"price":14555.0,"qty":1000.0},{"price":9888.0,"qty":1000000.0}],"asks":[{"price":32221.0,"qty":1009.0},{"price":32223.5,"qty":251.0},{"price":32228.0,"qty":943.0},{"price":32234.0,"qty":2430.0},{"price":32235.5,"qty":16638.0},{"price":32236.0,"qty":141173.0},{"price":32237.5,"qty":5000.0},{"price":32238.0,"qty":27000.0},{"price":32240.5,"qty":3000.0},{"price":32245.0,"qty":10000.0},{"price":32252.5,"qty":5000.0},{"price":32258.5,"qty":23958.0},{"price":32259.0,"qty":159260.0},{"price":32265.0,"qty":1000.0},{"price":32269.5,"qty":16095.0},{"price":32270.0,"qty":20000.0},{"price":32277.5,"qty":2430.0},{"price":32280.5,"qty":250001.0},{"price":32281.0,"qty":23267.0},{"price":32282.0,"qty":146559.0},{"price":32284.5,"qty":3000.0},{"price":32290.5,"qty":54000.0},{"price":32296.5,"qty":2430.0},{"price":32298.0,"qty":22495.0},{"price":32300.0,"qty":3000.0},{"price":32303.5,"qty":100.0},{"price":32307.5,"qty":247018.0},{"price":32309.0,"qty":24909.0},{"price":32309.5,"qty":10198.0},{"price":32311.5,"qty":24907.0},{"price":32316.0,"qty":3000.0},{"price":32320.0,"qty":21667.0},{"price":32321.5,"qty":108000.0},{"price":32327.5,"qty":3000.0},{"price":32330.0,"qty":11613.0},{"price":32338.0,"qty":3000.0},{"price":32348.0,"qty":3000.0},{"price":32358.0,"qty":20866.0},{"price":32362.0,"qty":19460.0},{"price":32372.5,"qty":11613.0},{"price":32400.0,"qty":200.0},{"price":32415.0,"qty":11613.0},{"price":32418.0,"qty":250002.0},{"price":32418.5,"qty":216000.0},{"price":32432.0,"qty":99688.0},{"price":32439.0,"qty":33522.0},{"price":32464.0,"qty":97050.0},{"price":32501.5,"qty":101774.0},{"price":32750.0,"qty":30000.0},{"price":32791.0,"qty":59962.0},{"price":32794.0,"qty":50000.0},{"price":32890.0,"qty":30000.0},{"price":32927.5,"qty":61302.0},{"price":32990.0,"qty":30000.0},{"price":33170.0,"qty":58500.0},{"price":33300.0,"qty":2000.0},{"price":33755.0,"qty":2.0},{"price":33938.0,"qty":2.0},{"price":34112.0,"qty":2.0},{"price":34299.0,"qty":2.0},{"price":34609.5,"qty":2000.0},{"price":34995.0,"qty":30000.0},{"price":35574.0,"qty":2000.0},{"price":36010.0,"qty":2500.0},{"price":36291.0,"qty":2000.0},{"price":36425.0,"qty":2500.0},{"price":36952.0,"qty":10.0},{"price":37046.5,"qty":2500.0},{"price":37234.0,"qty":2000.0},{"price":37250.0,"qty":5000.0},{"price":37410.0,"qty":100.0},{"price":37550.0,"qty":5000.0},{"price":37650.0,"qty":5000.0},{"price":37750.0,"qty":5000.0},{"price":38077.5,"qty":2000.0},{"price":38400.0,"qty":20000.0},{"price":38418.0,"qty":200.0},{"price":38750.0,"qty":50000.0},{"price":38800.0,"qty":68400.0},{"price":39079.0,"qty":2000.0},{"price":39817.5,"qty":60050.0},{"price":39950.0,"qty":1000.0},{"price":40265.0,"qty":2000.0},{"price":40950.0,"qty":1000.0},{"price":41254.5,"qty":2000.0},{"price":41949.0,"qty":50.0},{"price":42000.0,"qty":15000.0},{"price":43500.0,"qty":5000.0},{"price":43900.0,"qty":5000.0},{"price":44000.0,"qty":1.0},{"price":44200.0,"qty":1.0},{"price":44817.5,"qty":90050.0},{"price":46491.5,"qty":50.0},{"price":46910.5,"qty":971.0},{"price":46950.0,"qty":50000.0},{"price":47150.0,"qty":50000.0},{"price":47234.0,"qty":100000.0},{"price":47500.0,"qty":2.0},{"price":48000.0,"qty":5000.0},{"price":50000.0,"qty":500.0},{"price":50611.0,"qty":4800.0},{"price":50999.0,"qty":4800.0},{"price":51371.0,"qty":4800.0},{"price":51385.0,"qty":50.0},{"price":51716.0,"qty":4800.0},{"price":51871.0,"qty":4800.0},{"price":52271.0,"qty":4800.0},{"price":52527.0,"qty":6000.0},{"price":52771.0,"qty":4800.0},{"price":53249.5,"qty":50.0},{"price":53271.0,"qty":6000.0},{"price":57468.5,"qty":800.0},{"price":59034.5,"qty":50.0},{"price":62423.5,"qty":50.0},{"price":63107.5,"qty":500.0},{"price":63400.0,"qty":225969.0},{"price":67137.5,"qty":1000.0},{"price":68000.0,"qty":1.0},{"price":70787.5,"qty":1500.0},{"price":79000.0,"qty":200000.0}]}
1626994927.865191: {"feed":"trade_snapshot","product_id":"FI_XBTUSD_210730","trades":[{"feed":"trade","product_id":"FI_XBTUSD_210730","uid":"1fa80d87-286d-424d-aac3-973a02d1d2a1","side":"buy","type":"fill","seq":7953,"time":1626994887422,"qty":300.0,"price":32172.0},{"feed":"trade","product_id":"FI_XBTUSD_210730","uid":"322ceebf-be60-4365-9e00-3af71410a308","side":"buy","type":"fill","seq":7952,"time":1626994887397,"qty":900.0,"price":32172.0},{"feed":"trade","product_id":"FI_XBTUSD_210730","uid":"6609f2da-6a21-4d5e-a8cd-5a7eff6a3df4","side":"buy","type":"fill","seq":7951,"time":1626994887314,"qty":143.0,"price":32170.5},{"feed":"trade","product_id":"FI_XBTUSD_210730","uid":"0947ae2d-62c9-4d91-a857-98083d55f2e6","side":"buy","type":"fill","seq":7950,"time":1626994887312,"qty":157.0,"price":32170.5},{"feed":"trade","product_id":"FI_XBTUSD_210730","uid":"928a320d-f894-4e33-99d7-a7d68f986be8","side":"buy","type":"fill","seq":7949,"time":1626994887307,"qty":200.0,"price":32170.5},{"feed":"trade","product_id":"FI_XBTUSD_210730","uid":"202b04fa-298e-4131-93d9-1a30598ba919","side":"buy","type":"fill","seq":7948,"time":1626994887303,"qty":300.0,"price":32170.5},{"feed":"trade","product_id":"FI_XBTUSD_210730","uid":"1b645579-6ec2-4822-a4ef-1f64ba1d7b18","side":"buy","type":"fill","seq":7947,"time":1626994887289,"qty":400.0,"price":32170.5},{"feed":"trade","product_id":"FI_XBTUSD_210730","uid":"c87c6f62-e629-46e0-9996-798758608a9f","side":"buy","type":"fill","seq":7946,"time":1626994612043,"qty":4682.0,"price":32269.0},{"feed":"trade","product_id":"FI_XBTUSD_210730","uid":"b8f6d2da-3bc1-4eb1-8de0-eb2599f733e1","side":"buy","type":"fill","seq":7945,"time":1626994149703,"qty":200.0,"price":32256.5},{"feed":"trade","product_id":"FI_XBTUSD_210730","uid":"c3d78cee-2fbc-4103-8721-7025e03f2955","side":"buy","type":"fill","seq":7944,"time":1626994149700,"qty":400.0,"price":32256.5},{"feed":"trade","product_id":"FI_XBTUSD_210730","uid":"b921c001-a294-4ece-862c-ba741cbe6053","side":"buy","type":"fill","seq":7943,"time":1626994149696,"qty":400.0,"price":32256.5},{"feed":"trade","product_id":"FI_XBTUSD_210730","uid":"33f53540-b751-4602-b485-96fe6ff85148","side":"buy","type":"fill","seq":7942,"time":1626994149687,"qty":200.0,"price":32256.5},{"feed":"trade","product_id":"FI_XBTUSD_210730","uid":"b1bfdcfe-ba7c-49cc-917f-0dcbcd79c4ff","side":"sell","type":"fill","seq":7941,"time":1626993354531,"qty":50.0,"price":32188.5},{"feed":"trade","product_id":"FI_XBTUSD_210730","uid":"558cf31d-4ae1-45a4-9457-0b6b51dc2e17","side":"sell","type":"fill","seq":7940,"time":1626993156605,"qty":50.0,"price":32178.0},{"feed":"trade","product_id":"FI_XBTUSD_210730","uid":"2f8fe095-08a6-4d84-8390-1ff4c1291d04","side":"sell","type":"fill","seq":7939,"time":1626992570725,"qty":100.0,"price":32162.0},{"feed":"trade","product_id":"FI_XBTUSD_210730","uid":"7cfb72b8-ff06-4488-b07d-ba1e48cf1510","side":"buy","type":"fill","seq":7938,"time":1626992470748,"qty":10900.0,"price":32180.5},{"feed":"trade","product_id":"FI_XBTUSD_210730","uid":"e06f2138-3093-42f0-a285-9e35a7e6991b","side":"sell","type":"fill","seq":7937,"time":1626992469996,"qty":757.0,"price":32194.5},{"feed":"trade","product_id":"FI_XBTUSD_210730","uid":"7a87e63d-feab-4d04-ba0a-811e1664bf28","side":"sell","type":"fill","seq":7936,"time":1626992469995,"qty":300.0,"price":32194.5},{"feed":"trade","product_id":"FI_XBTUSD_210730","uid":"41d02a13-25f7-4178-b0c3-3eefeb607ccf","side":"sell","type":"fill","seq":7935,"time":1626992469978,"qty":143.0,"price":32194.5},{"feed":"trade","product_id":"FI_XBTUSD_210730","uid":"875910f7-7886-4dc8-a6da-9c3ee9f7b6d3","side":"sell","type":"fill","seq":7934,"time":1626992469857,"qty":1157.0,"price":32196.0},{"feed":"trade","product_id":"FI_XBTUSD_210730","uid":"01910b2c-7d54-4363-b472-af52ebdaf018","side":"sell","type":"fill","seq":7933,"time":1626992469857,"qty":800.0,"price":32196.0},{"feed":"trade","product_id":"FI_XBTUSD_210730","uid":"c04d94b3-d7da-4d55-b99d-6b0214cdee0b","side":"sell","type":"fill","seq":7932,"time":1626992469857,"qty":100.0,"price":32196.0},{"feed":"trade","product_id":"FI_XBTUSD_210730","uid":"02631ea7-0c40-41b3-8612-df2209e72a98","side":"sell","type":"fill","seq":7931,"time":1626992469857,"qty":200.0,"price":32196.0},{"feed":"trade","product_id":"FI_XBTUSD_210730","uid":"2ed1617e-d00a-4b7c-92d8-f34b65521b29","side":"sell","type":"fill","seq":7930,"time":1626992469857,"qty":2424.0,"price":32196.0},{"feed":"trade","product_id":"FI_XBTUSD_210730","uid":"f5fa0427-3f6f-4e84-a127-3a19ebd9df3d","side":"buy","type":"fill","seq":7929,"time":1626992245668,"qty":50.0,"price":32184.0},{"feed":"trade","product_id":"FI_XBTUSD_210730","uid":"699a4246-400f-4e6e-9827-e5d4e5955749","side":"sell","type":"fill","seq":7928,"time":1626991795993,"qty":50.0,"price":32219.5},{"feed":"trade","product_id":"FI_XBTUSD_210730","uid":"5e35c786-f98b-4765-aac2-7c9b3088ca42","side":"sell","type":"fill","seq":7927,"time":1626991505502,"qty":50.0,"price":32233.0},{"feed":"trade","product_id":"FI_XBTUSD_210730","uid":"6162401b-a7be-4729-a574-8fb287a73083","side":"buy","type":"fill","seq":7926,"time":1626991229798,"qty":50.0,"price":32253.0},{"feed":"trade","product_id":"FI_XBTUSD_210730","uid":"828dd04e-03ae-47e3-bdaa-f84af457950d","side":"buy","type":"fill","seq":7925,"time":1626991207612,"qty":50.0,"price":32222.0},{"feed":"trade","product_id":"FI_XBTUSD_210730","uid":"8e6e8adc-57bd-46c6-852d-cc35a2fec5f0","side":"buy","type":"fill","seq":7924,"time":1626990840316,"qty":50.0,"price":32224.5},{"feed":"trade","product_id":"FI_XBTUSD_210730","uid":"11e82d8e-e256-4347-9608-ecdeba3d4303","side":"buy","type":"fill","seq":7923,"time":1626990839132,"qty":50.0,"price":32199.5},{"feed":"trade","product_id":"FI_XBTUSD_210730","uid":"87293c8b-0653-4c99-a98d-f07427ffd485","side":"sell","type":"fill","seq":7922,"time":1626990837868,"qty":100.0,"price":32170.0},{"feed":"trade","product_id":"FI_XBTUSD_210730","uid":"63b829fd-f292-4d7b-add3-ebb13226bf0e","side":"sell","type":"fill","seq":7921,"time":1626990836278,"qty":100.0,"price":32180.0},{"feed":"trade","product_id":"FI_XBTUSD_210730","uid":"68498141-7ea5-49b6-8dd1-acbfd32d2c93","side":"sell","type":"fill","seq":7920,"time":1626990835464,"qty":100.0,"price":32190.0},{"feed":"trade","product_id":"FI_XBTUSD_210730","uid":"468346bb-6bd7-480b-ab9f-a2cf2a13a66d","side":"sell","type":"fill","seq":7919,"time":1626990833438,"qty":676.0,"price":32195.0},{"feed":"trade","product_id":"FI_XBTUSD_210730","uid":"001f3cd0-ffbf-43cd-bfa0-b9459019bfb7","side":"sell","type":"fill","seq":7918,"time":1626990833433,"qty":1000.0,"price":32195.0},{"feed":"trade","product_id":"FI_XBTUSD_210730","uid":"866accaf-1efb-40eb-befd-f52cd47e1078","side":"sell","type":"fill","seq":7917,"time":1626990833432,"qty":200.0,"price":32195.0},{"feed":"trade","product_id":"FI_XBTUSD_210730","uid":"4c001c1b-ba4d-4c42-9f34-f2d10fd6eaca","side":"sell","type":"fill","seq":7916,"time":1626990833432,"qty":500.0,"price":32195.0},{"feed":"trade","product_id":"FI_XBTUSD_210730","uid":"77bee8a5-3503-4ee0-accb-079b3e4e8bc6","side":"sell","type":"fill","seq":7915,"time":1626990833432,"qty":124.0,"price":32195.0},{"feed":"trade","product_id":"FI_XBTUSD_210730","uid":"e3a3e172-d05b-4f23-bac6-ee6c4db7a9da","side":"sell","type":"fill","seq":7914,"time":1626990833432,"qty":2876.0,"price":32195.0},{"feed":"trade","product_id":"FI_XBTUSD_210730","uid":"864afe86-23d6-4722-b7fb-7da948e14469","side":"sell","type":"fill","seq":7913,"time":1626990833432,"qty":124.0,"price":32195.0},{"feed":"trade","product_id":"FI_XBTUSD_210730","uid":"afae89f2-570e-4e37-8f80-14ad84b27dbc","side":"sell","type":"fill","seq":7912,"time":1626990833314,"qty":100.0,"price":32200.0},{"feed":"trade","product_id":"FI_XBTUSD_210730","uid":"c3c45cf0-222f-4d8a-80c8-61b6f0c2354f","side":"sell","type":"fill","seq":7911,"time":1626990592578,"qty":2776.0,"price":32345.0},{"feed":"trade","product_id":"FI_XBTUSD_210730","uid":"cfcd4ad4-c47e-412a-9be7-594487bfd5d3","side":"sell","type":"fill","seq":7910,"time":1626990592577,"qty":1911.0,"price":32345.0},{"feed":"trade","product_id":"FI_XBTUSD_210730","uid":"b4c011fb-590d-4654-b184-2e9abe714d36","side":"sell","type":"fill","seq":7909,"time":1626990536145,"qty":2889.0,"price":32376.5},{"feed":"trade","product_id":"FI_XBTUSD_210730","uid":"658c0416-b8b7-4b6d-99fa-4fb370c0d5b6","side":"sell","type":"fill","seq":7908,"time":1626990536144,"qty":1800.0,"price":32376.5},{"feed":"trade","product_id":"FI_XBTUSD_210730","uid":"a808571d-547c-40e8-a6cb-539a24fe4303","side":"sell","type":"fill","seq":7907,"time":1626990485469,"qty":4250.0,"price":32430.0},{"feed":"trade","product_id":"FI_XBTUSD_210730","uid":"dee0e853-6e48-4729-8a74-7e9cf5ca4550","side":"sell","type":"fill","seq":7906,"time":1626990461741,"qty":15750.0,"price":32430.0},{"feed":"trade","product_id":"FI_XBTUSD_210730","uid":"ff7d0090-45bf-44af-bbee-746ce28e8980","side":"buy","type":"fill","seq":7905,"time":1626990232185,"qty":50.0,"price":32494.0},{"feed":"trade","product_id":"FI_XBTUSD_210730","uid":"579869b4-4a97-4535-99ea-6fb6e811208d","side":"buy","type":"fill","seq":7904,"time":1626990063224,"qty":3007.0,"price":32424.5},{"feed":"trade","product_id":"FI_XBTUSD_210730","uid":"c25d4623-dba4-4750-95f3-b336ce72258e","side":"buy","type":"fill","seq":7903,"time":1626990048103,"qty":4700.0,"price":32365.5},{"feed":"trade","product_id":"FI_XBTUSD_210730","uid":"4c08ab06-3a6b-4f1d-8347-4cb30eeecea7","side":"buy","type":"fill","seq":7902,"time":1626990048103,"qty":50.0,"price":32365.5},{"feed":"trade","product_id":"FI_XBTUSD_210730","uid":"6193c4d0-68c7-48e1-b5f2-7b8d38133324","side":"buy","type":"fill","seq":7901,"time":1626989360201,"qty":50.0,"price":32315.0},{"feed":"trade","product_id":"FI_XBTUSD_210730","uid":"2b42a290-3bc8-46d0-b6df-88261879c89a","side":"buy","type":"fill","seq":7900,"time":1626988034876,"qty":200.0,"price":32295.5},{"feed":"trade","product_id":"FI_XBTUSD_210730","uid":"0d876d80-1950-4c52-b37f-7f86968a60c8","side":"buy","type":"fill","seq":7899,"time":1626988034876,"qty":100.0,"price":32295.5},{"feed":"trade","product_id":"FI_XBTUSD_210730","uid":"37d37d57-faa3-45ce-bc98-21297f8975c9","side":"buy","type":"fill","seq":7898,"time":1626988034866,"qty":900.0,"price":32295.5},{"feed":"trade","product_id":"FI_XBTUSD_210730","uid":"e23d3161-64db-4ec8-938c-17df8865e1a6","side":"sell","type":"fill","seq":7897,"time":1626987938840,"qty":6000.0,"price":32288.5},{"feed":"trade","product_id":"FI_XBTUSD_210730","uid":"2fc8c95f-b27d-4280-8178-2dcd56db387e","side":"sell","type":"fill","seq":7896,"time":1626987938839,"qty":3900.0,"price":32288.5},{"feed":"trade","product_id":"FI_XBTUSD_210730","uid":"9e0a0ec2-b3bc-45cd-97a4-956d2e0986f0","side":"sell","type":"fill","seq":7895,"time":1626987938833,"qty":300.0,"price":32288.5},{"feed":"trade","product_id":"FI_XBTUSD_210730","uid":"2c982497-0fe5-4039-8151-75ba79a15832","side":"sell","type":"fill","seq":7894,"time":1626987938830,"qty":400.0,"price":32288.5},{"feed":"trade","product_id":"FI_XBTUSD_210730","uid":"d2b8e2ea-3392-4b56-a270-a48b011645f8","side":"sell","type":"fill","seq":7893,"time":1626987938823,"qty":800.0,"price":32288.5},{"feed":"trade","product_id":"FI_XBTUSD_210730","uid":"d6dfed3f-9ddf-4979-8e4e-105d7b603162","side":"sell","type":"fill","seq":7892,"time":1626987938823,"qty":100.0,"price":32288.5},{"feed":"trade","product_id":"FI_XBTUSD_210730","uid":"c600dc17-aab3-4a3c-a0df-7f1b897dcd29","side":"sell","type":"fill","seq":7891,"time":1626987938821,"qty":100.0,"price":32288.5},{"feed":"trade","product_id":"FI_XBTUSD_210730","uid":"bc55b4ee-2846-4dab-aff1-945e4b121efa","side":"sell","type":"fill","seq":7890,"time":1626987938821,"qty":4400.0,"price":32288.5},{"feed":"trade","product_id":"FI_XBTUSD_210730","uid":"f7d4f4ce-9832-4312-8672-223d3ac52c56","side":"sell","type":"fill","seq":7889,"time":1626987938820,"qty":1409.0,"price":32288.5},{"feed":"trade","product_id":"FI_XBTUSD_210730","uid":"9ca22053-8e4a-4da2-bd37-40be5f00fc37","side":"sell","type":"fill","seq":7888,"time":1626987938820,"qty":800.0,"price":32288.5},{"feed":"trade","product_id":"FI_XBTUSD_210730","uid":"05f1a7ac-4e63-4854-af4d-6cdba210003c","side":"sell","type":"fill","seq":7887,"time":1626987938820,"qty":400.0,"price":32288.5},{"feed":"trade","product_id":"FI_XBTUSD_210730","uid":"95b98cf9-6372-46ff-bf9a-006cc733b6f6","side":"sell","type":"fill","seq":7886,"time":1626987938819,"qty":200.0,"price":32288.5},{"feed":"trade","product_id":"FI_XBTUSD_210730","uid":"0b817088-4896-4721-9e44-e9a3e6731527","side":"buy","type":"fill","seq":7885,"time":1626987938344,"qty":700.0,"price":32285.5},{"feed":"trade","product_id":"FI_XBTUSD_210730","uid":"13da6263-fc00-48ce-8e38-acf0d8bcd743","side":"buy","type":"fill","seq":7884,"time":1626987938344,"qty":500.0,"price":32285.5},{"feed":"trade","product_id":"FI_XBTUSD_210730","uid":"d81f53c9-ab62-4562-9814-23d7ca2596d8","side":"buy","type":"fill","seq":7883,"time":1626987938290,"qty":1200.0,"price":32280.5},{"feed":"trade","product_id":"FI_XBTUSD_210730","uid":"95dd5c25-cd20-44a7-9450-d4b6a428d8c2","side":"buy","type":"fill","seq":7882,"time":1626987756147,"qty":1200.0,"price":32280.5},{"feed":"trade","product_id":"FI_XBTUSD_210730","uid":"7d00d189-e903-49c7-85b9-5acd80a4e2ab","side":"buy","type":"fill","seq":7881,"time":1626987639778,"qty":1200.0,"price":32252.5},{"feed":"trade","product_id":"FI_XBTUSD_210730","uid":"4bef758d-cf7d-4447-9374-550854a91a40","side":"buy","type":"fill","seq":7880,"time":1626987639754,"qty":1200.0,"price":32251.0},{"feed":"trade","product_id":"FI_XBTUSD_210730","uid":"561d43c2-224f-4f72-bb8f-3e3ca837e661","side":"sell","type":"fill","seq":7879,"time":1626987020101,"qty":4684.0,"price":32315.0},{"feed":"trade","product_id":"FI_XBTUSD_210730","uid":"e65be5d5-35e9-4567-898e-bfa7ad6edf1b","side":"sell","type":"fill","seq":7878,"time":1626986972168,"qty":2684.0,"price":32325.0},{"feed":"trade","product_id":"FI_XBTUSD_210730","uid":"7d145fb1-5472-4b27-9203-03932111f9d1","side":"sell","type":"fill","seq":7877,"time":1626986972167,"qty":2000.0,"price":32325.0},{"feed":"trade","product_id":"FI_XBTUSD_210730","uid":"67810a6f-0937-490e-a39a-e1b411fd50d2","side":"buy","type":"fill","seq":7876,"time":1626986430921,"qty":4664.0,"price":32336.5},{"feed":"trade","product_id":"FI_XBTUSD_210730","uid":"b23d22cc-ad3d-43d3-89c9-029b8603d689","side":"buy","type":"fill","seq":7875,"time":1626986411637,"qty":2813.0,"price":32318.5},{"feed":"trade","product_id":"FI_XBTUSD_210730","uid":"e8bb9d14-2a6a-46d9-b43d-14f80c46b767","side":"buy","type":"fill","seq":7874,"time":1626986411631,"qty":1400.0,"price":32318.5},{"feed":"trade","product_id":"FI_XBTUSD_210730","uid":"8ddd719e-bf13-4333-98e0-b5124c94dcf4","side":"buy","type":"fill","seq":7873,"time":1626986411629,"qty":451.0,"price":32318.5},{"feed":"trade","product_id":"FI_XBTUSD_210730","uid":"bd570674-b689-44fa-a2a7-99d2e6f3d1df","side":"buy","type":"fill","seq":7872,"time":1626986186487,"qty":1249.0,"price":32315.0},{"feed":"trade","product_id":"FI_XBTUSD_210730","uid":"cd71e94e-2c5e-4d5f-9a61-3dd0e428970b","side":"buy","type":"fill","seq":7871,"time":1626986186487,"qty":3415.0,"price":32315.0},{"feed":"trade","product_id":"FI_XBTUSD_210730","uid":"79fda77a-0067-4203-aa81-80ebedefaa30","side":"sell","type":"fill","seq":7870,"time":1626986062618,"qty":4665.0,"price":32272.5},{"feed":"trade","product_id":"FI_XBTUSD_210730","uid":"63fedca1-9ece-4476-836d-a19808a91819","side":"sell","type":"fill","seq":7869,"time":1626985542270,"qty":300.0,"price":32259.5},{"feed":"trade","product_id":"FI_XBTUSD_210730","uid":"fa752e32-db0f-41f0-95c7-786aefbbda11","side":"sell","type":"fill","seq":7868,"time":1626985540247,"qty":70.0,"price":32259.5},{"feed":"trade","product_id":"FI_XBTUSD_210730","uid":"b8805e48-26b1-4f16-9c90-878816fa4e6c","side":"sell","type":"fill","seq":7867,"time":1626985537210,"qty":300.0,"price":32260.5},{"feed":"trade","product_id":"FI_XBTUSD_210730","uid":"c5a48176-615c-4f40-8aae-68ff00393aec","side":"buy","type":"fill","seq":7866,"time":1626985458469,"qty":800.0,"price":32275.5},{"feed":"trade","product_id":"FI_XBTUSD_210730","uid":"c8d8824d-2bc5-4a15-852f-320a82d9d042","side":"sell","type":"fill","seq":7865,"time":1626985458217,"qty":100.0,"price":32275.5},{"feed":"trade","product_id":"FI_XBTUSD_210730","uid":"919c451f-2443-42cc-81aa-cfcf0100e963","side":"sell","type":"fill","seq":7864,"time":1626985456194,"qty":100.0,"price":32279.5},{"feed":"trade","product_id":"FI_XBTUSD_210730","uid":"589e5ddd-9ad3-4334-9615-08e1e0cc3650","side":"sell","type":"fill","seq":7863,"time":1626985379832,"qty":1000.0,"price":32281.0},{"feed":"trade","product_id":"FI_XBTUSD_210730","uid":"a969891b-c03d-4b82-ad90-28c5b390c801","side":"sell","type":"fill","seq":7862,"time":1626985376810,"qty":1200.0,"price":32285.5},{"feed":"trade","product_id":"FI_XBTUSD_210730","uid":"1c6ec548-f65b-4f29-ad69-24dc2251ad2e","side":"buy","type":"fill","seq":7861,"time":1626985258032,"qty":375.0,"price":32298.5},{"feed":"trade","product_id":"FI_XBTUSD_210730","uid":"84d63ac1-1ccc-4350-ac7a-0fc366a0ad00","side":"sell","type":"fill","seq":7860,"time":1626985256006,"qty":625.0,"price":32298.5},{"feed":"trade","product_id":"FI_XBTUSD_210730","uid":"31952a3c-32ae-4e0d-9378-8a1c114a235b","side":"buy","type":"fill","seq":7859,"time":1626985239130,"qty":875.0,"price":32316.0},{"feed":"trade","product_id":"FI_XBTUSD_210730","uid":"6f952af9-248c-4fc2-88e6-fcf363122227","side":"sell","type":"fill","seq":7858,"time":1626985235847,"qty":1200.0,"price":32325.0},{"feed":"trade","product_id":"FI_XBTUSD_210730","uid":"eef9c852-7cea-4ac9-b44f-41fd1cb4e72b","side":"buy","type":"fill","seq":7857,"time":1626985130195,"qty":1576.0,"price":32338.0},{"feed":"trade","product_id":"FI_XBTUSD_210730","uid":"5f89cb96-a04c-4d2a-b5fe-17167c6a08ee","side":"buy","type":"fill","seq":7856,"time":1626985130191,"qty":2800.0,"price":32338.0},{"feed":"trade","product_id":"FI_XBTUSD_210730","uid":"20ad685f-f7de-4bf8-8cf3-cbb40e42faf5","side":"sell","type":"fill","seq":7855,"time":1626984916435,"qty":1076.0,"price":32288.5},{"feed":"trade","product_id":"FI_XBTUSD_210730","uid":"e04f83d4-9f81-4858-949f-bc08204cca4f","side":"sell","type":"fill","seq":7854,"time":1626984796014,"qty":124.0,"price":32273.5}]}
1626994927.865567: {"feed":"ticker_lite","product_id":"FI_XBTUSD_210730","bid":32170.5,"ask":32192.5,"change":0.347779978478191,"premium":0.1,"volume":2375190.0,"tag":"month","pair":"XBT:USD","dtm":7,"maturityTime":1627657200000}
1626994927.865605: {"feed":"book_snapshot","product_id":"PI_XRPUSD","timestamp":1626994927035,"seq":3456139,"tickSize":null,"bids":[{"price":0.5881,"qty":320.0},{"price":0.588,"qty":17745.0},{"price":0.5879,"qty":4189.0},{"price":0.5878,"qty":19333.0},{"price":0.5877,"qty":9177.0},{"price":0.5876,"qty":6145.0},{"price":0.5875,"qty":5006.0},{"price":0.5874,"qty":10661.0},{"price":0.5873,"qty":14112.0},{"price":0.5872,"qty":13144.0},{"price":0.5871,"qty":1012.0},{"price":0.587,"qty":20000.0},{"price":0.5867,"qty":8024.0},{"price":0.5866,"qty":632.0},{"price":0.5863,"qty":3863.0},{"price":0.5862,"qty":3171.0},{"price":0.586,"qty":50000.0},{"price":0.5859,"qty":4058.0},{"price":0.5856,"qty":3911.0},{"price":0.5852,"qty":69176.0},{"price":0.5851,"qty":65932.0},{"price":0.5849,"qty":158599.0},{"price":0.5848,"qty":69453.0},{"price":0.5831,"qty":52499.0},{"price":0.5816,"qty":40154.0},{"price":0.58,"qty":502.0},{"price":0.5759,"qty":40747.0},{"price":0.575,"qty":1000.0},{"price":0.5721,"qty":41247.0},{"price":0.57,"qty":2000.0},{"price":0.5688,"qty":2.0},{"price":0.5681,"qty":2.0},{"price":0.5671,"qty":2.0},{"price":0.5667,"qty":2.0},{"price":0.5666,"qty":2.0},{"price":0.5665,"qty":2.0},{"price":0.5662,"qty":2.0},{"price":0.5654,"qty":2.0},{"price":0.565,"qty":50000.0},{"price":0.5645,"qty":2.0},{"price":0.5644,"qty":4.0},{"price":0.5638,"qty":2.0},{"price":0.5635,"qty":2.0},{"price":0.56,"qty":50002.0},{"price":0.5555,"qty":50000.0},{"price":0.554,"qty":140.0},{"price":0.55,"qty":150000.0},{"price":0.549,"qty":500.0},{"price":0.545,"qty":100.0},{"price":0.5425,"qty":7000.0},{"price":0.54,"qty":502.0},{"price":0.5326,"qty":500.0},{"price":0.525,"qty":250.0},{"price":0.52,"qty":252.0},{"price":0.5152,"qty":20.0},{"price":0.515,"qty":250.0},{"price":0.51,"qty":250.0},{"price":0.505,"qty":250.0},{"price":0.5,"qty":32559.0},{"price":0.495,"qty":250.0},{"price":0.494,"qty":500.0},{"price":0.49,"qty":250.0},{"price":0.4866,"qty":500.0},{"price":0.485,"qty":250.0},{"price":0.48,"qty":302.0},{"price":0.475,"qty":250.0},{"price":0.47,"qty":250.0},{"price":0.465,"qty":250.0},{"price":0.46,"qty":254.0},{"price":0.455,"qty":250.0},{"price":0.451,"qty":50.0},{"price":0.45,"qty":1450.0},{"price":0.4472,"qty":10.0},{"price":0.445,"qty":250.0},{"price":0.44,"qty":252.0},{"price":0.435,"qty":250.0},{"price":0.4321,"qty":100.0},{"price":0.43,"qty":250.0},{"price":0.425,"qty":10250.0},{"price":0.42,"qty":254.0},{"price":0.4157,"qty":100.0},{"price":0.415,"qty":250.0},{"price":0.41,"qty":250.0},{"price":0.405,"qty":250.0},{"price":0.401,"qty":50.0},{"price":0.4,"qty":552.0},{"price":0.395,"qty":250.0},{"price":0.39,"qty":260.0},{"price":0.385,"qty":250.0},{"price":0.38,"qty":1262.0},{"price":0.375,"qty":250.0},{"price":0.372,"qty":400.0},{"price":0.3709,"qty":1500.0},{"price":0.37,"qty":250.0},{"price":0.365,"qty":250.0},{"price":0.36,"qty":252.0},{"price":0.357,"qty":1000.0},{"price":0.355,"qty":250.0},{"price":0.351,"qty":50.0},{"price":0.35,"qty":20450.0},{"price":0.345,"qty":250.0},{"price":0.3433,"qty":1000.0},{"price":0.34,"qty":650.0},{"price":0.335,"qty":250.0},{"price":0.331,"qty":100.0},{"price":0.33,"qty":250.0},{"price":0.325,"qty":775.0},{"price":0.32,"qty":252.0},{"price":0.315,"qty":250.0},{"price":0.31,"qty":250.0},{"price":0.305,"qty":555.0},{"price":0.301,"qty":50.0},{"price":0.3,"qty":655.0},{"price":0.275,"qty":100.0},{"price":0.273,"qty":273.0},{"price":0.251,"qty":50.0},{"price":0.25,"qty":300.0},{"price":0.23,"qty":2100.0},{"price":0.225,"qty":100.0},{"price":0.215,"qty":100.0},{"price":0.21,"qty":20.0},{"price":0.201,"qty":50.0},{"price":0.2,"qty":151620.0},{"price":0.196,"qty":20.0},{"price":0.195,"qty":20.0},{"price":0.194,"qty":20.0},{"price":0.192,"qty":20.0},{"price":0.19,"qty":20.0},{"price":0.18,"qty":20.0},{"price":0.178,"qty":20.0},{"price":0.176,"qty":20.0},{"price":0.174,"qty":20.0},{"price":0.172,"qty":20.0},{"price":0.171,"qty":20.0},{"price":0.17,"qty":20.0},{"price":0.16,"qty":20.0},{"price":0.1597,"qty":160.0},{"price":0.1,"qty":100.0},{"price":0.085,"qty":250.0},{"price":0.0666,"qty":50.0}],"asks":[{"price":0.5888,"qty":320.0},{"price":0.5889,"qty":2.0},{"price":0.589,"qty":7941.0},{"price":0.5892,"qty":28716.0},{"price":0.5893,"qty":5571.0},{"price":0.5894,"qty":12719.0},{"price":0.5895,"qty":3997.0},{"price":0.5896,"qty":8816.0},{"price":0.5897,"qty":4942.0},{"price":0.5898,"qty":8891.0},{"price":0.5899,"qty":31174.0},{"price":0.59,"qty":3855.0},{"price":0.5904,"qty":12076.0},{"price":0.5905,"qty":13144.0},{"price":0.5906,"qty":50000.0},{"price":0.5907,"qty":3809.0},{"price":0.5912,"qty":125000.0},{"price":0.5915,"qty":33599.0},{"price":0.5923,"qty":68428.0},{"price":0.5929,"qty":67899.0},{"price":0.5934,"qty":52499.0},{"price":0.5937,"qty":2353.0},{"price":0.594,"qty":68586.0},{"price":0.6005,"qty":40119.0},{"price":0.6025,"qty":2000.0},{"price":0.6038,"qty":41358.0},{"price":0.6048,"qty":10.0},{"price":0.605,"qty":3000.0},{"price":0.6075,"qty":1000.0},{"price":0.61,"qty":1000.0},{"price":0.6161,"qty":41426.0},{"price":0.618,"qty":50.0},{"price":0.62,"qty":12.0},{"price":0.625,"qty":1000.0},{"price":0.6325,"qty":65.0},{"price":0.6355,"qty":50000.0},{"price":0.64,"qty":2.0},{"price":0.6411,"qty":25000.0},{"price":0.645,"qty":10.0},{"price":0.65,"qty":1000.0},{"price":0.6519,"qty":7000.0},{"price":0.66,"qty":2.0},{"price":0.675,"qty":500.0},{"price":0.6759,"qty":10.0},{"price":0.68,"qty":2.0},{"price":0.685,"qty":10.0},{"price":0.7,"qty":2002.0},{"price":0.7005,"qty":2000.0},{"price":0.71,"qty":10.0},{"price":0.72,"qty":2.0},{"price":0.74,"qty":2.0},{"price":0.745,"qty":10.0},{"price":0.75,"qty":1750.0},{"price":0.76,"qty":2.0},{"price":0.8,"qty":1375.0},{"price":0.81,"qty":3459.0},{"price":0.85,"qty":1000.0},{"price":0.9,"qty":1500.0},{"price":0.93,"qty":200.0},{"price":0.95,"qty":1000.0},{"price":0.985,"qty":10.0},{"price":1.0,"qty":1600.0},{"price":1.05,"qty":1000.0},{"price":1.066,"qty":100.0},{"price":1.09,"qty":200.0},{"price":1.1,"qty":1500.0},{"price":1.2,"qty":1100.0},{"price":1.214,"qty":100.0},{"price":1.225,"qty":5.0},{"price":1.3,"qty":1000.0},{"price":1.3425,"qty":400.0},{"price":1.45,"qty":240.0},{"price":1.495,"qty":5.0},{"price":1.65,"qty":100.0},{"price":1.7,"qty":2600.0},{"price":1.7155,"qty":5.0},{"price":1.8,"qty":200.0},{"price":1.85,"qty":100.0},{"price":1.9,"qty":4900.0},{"price":1.95,"qty":100.0},{"price":2.0,"qty":250.0},{"price":3.0,"qty":5050.0},{"price":3.5,"qty":30000.0},{"price":4.0,"qty":50.0},{"price":5.0,"qty":50.0},{"price":6.0,"qty":50.0},{"price":7.0,"qty":50.0},{"price":8.0,"qty":50.0},{"price":9.0,"qty":50.0},{"price":10.0,"qty":50.0},{"price":148.88,"qty":5000.0}]}
1626994927.866443: {"feed":"book_snapshot","product_id":"FI_ETHUSD_210730","timestamp":1626994927583,"seq":2138663,"tickSize":null,"bids":[{"price":2000.9,"qty":600.0},{"price":2000.85,"qty":102934.0},{"price":2000.25,"qty":15000.0},{"price":2000.0,"qty":50.0},{"price":1999.5,"qty":98537.0},{"price":1998.55,"qty":339.0},{"price":1998.15,"qty":91709.0},{"price":1997.75,"qty":273.0},{"price":1997.25,"qty":356.0},{"price":1996.9,"qty":30000.0},{"price":1996.65,"qty":250001.0},{"price":1996.6,"qty":177965.0},{"price":1996.45,"qty":2058.0},{"price":1995.45,"qty":221794.0},{"price":1993.45,"qty":15307.0},{"price":1992.35,"qty":60000.0},{"price":1991.45,"qty":23734.0},{"price":1991.25,"qty":250002.0},{"price":1991.2,"qty":44704.0},{"price":1989.7,"qty":120000.0},{"price":1987.45,"qty":153024.0},{"price":1985.8,"qty":74644.0},{"price":1973.8,"qty":29422.0},{"price":1972.45,"qty":29472.0},{"price":1959.15,"qty":29514.0}],"asks":[{"price":2002.75,"qty":600.0},{"price":2003.15,"qty":86023.0},{"price":2003.4,"qty":15000.0},{"price":2004.2,"qty":103685.0},{"price":2005.6,"qty":3800.0},{"price":2005.75,"qty":177061.0},{"price":2006.8,"qty":31200.0},{"price":2007.15,"qty":241845.0},{"price":2008.35,"qty":253201.0},{"price":2008.4,"qty":60000.0},{"price":2011.15,"qty":45421.0},{"price":2011.2,"qty":15707.0},{"price":2011.35,"qty":72991.0},{"price":2011.75,"qty":120000.0},{"price":2014.15,"qty":23526.0},{"price":2014.9,"qty":250002.0},{"price":2014.95,"qty":148258.0},{"price":2028.2,"qty":29973.0},{"price":2030.0,"qty":500.0},{"price":2040.0,"qty":500.0},{"price":2040.1,"qty":29379.0},{"price":2050.0,"qty":1000.0},{"price":2057.8,"qty":29515.0},{"price":2060.0,"qty":500.0},{"price":2070.0,"qty":500.0},{"price":2080.0,"qty":500.0},{"price":2090.0,"qty":500.0},{"price":2100.0,"qty":500.0}]}
1626994927.869657: {"feed":"trade_snapshot","product_id":"FI_XBTUSD_210924","trades":[{"feed":"trade","product_id":"FI_XBTUSD_210924","uid":"5aecf241-9a0b-4630-8c92-3f85e19db1b8","side":"buy","type":"fill","seq":14412,"time":1626994204996,"qty":396.0,"price":32276.0},{"feed":"trade","product_id":"FI_XBTUSD_210924","uid":"50e73197-4061-46ac-a999-f2e8e726803f","side":"buy","type":"fill","seq":14411,"time":1626994204995,"qty":204.0,"price":32276.0},{"feed":"trade","product_id":"FI_XBTUSD_210924","uid":"8ec1a1ff-fe54-4282-a331-057aa5635cb9","side":"buy","type":"fill","seq":14410,"time":1626994204985,"qty":396.0,"price":32276.0},{"feed":"trade","product_id":"FI_XBTUSD_210924","uid":"d03c445a-6152-42b4-9ec0-5ac958a0a6de","side":"buy","type":"fill","seq":14409,"time":1626994204984,"qty":100.0,"price":32276.0},{"feed":"trade","product_id":"FI_XBTUSD_210924","uid":"b8dd361d-4388-486b-8d31-cafb41d21934","side":"buy","type":"fill","seq":14408,"time":1626994204980,"qty":200.0,"price":32276.0},{"feed":"trade","product_id":"FI_XBTUSD_210924","uid":"a2f879ad-a210-4ff3-86d6-ae5a7a50a4bd","side":"buy","type":"fill","seq":14407,"time":1626994204978,"qty":100.0,"price":32276.0},{"feed":"trade","product_id":"FI_XBTUSD_210924","uid":"f57a3ba1-4b25-42bb-8ea6-0b8cc26bb012","side":"buy","type":"fill","seq":14406,"time":1626994204977,"qty":600.0,"price":32276.0},{"feed":"trade","product_id":"FI_XBTUSD_210924","uid":"80b5dd0e-0ffa-426a-bc4e-b35d9460e1b3","side":"buy","type":"fill","seq":14405,"time":1626994204412,"qty":200.0,"price":32276.0},{"feed":"trade","product_id":"FI_XBTUSD_210924","uid":"59d1e8de-644b-4349-a5ca-aa61ef71688f","side":"buy","type":"fill","seq":14404,"time":1626994204412,"qty":100.0,"price":32276.0},{"feed":"trade","product_id":"FI_XBTUSD_210924","uid":"b0313c16-5ed0-4d2b-bbd9-b52672472945","side":"buy","type":"fill","seq":14403,"time":1626994204412,"qty":200.0,"price":32276.0},{"feed":"trade","product_id":"FI_XBTUSD_210924","uid":"e67677ab-d7ec-4ebe-807b-acb2f451e891","side":"buy","type":"fill","seq":14402,"time":1626994204408,"qty":800.0,"price":32276.0},{"feed":"trade","product_id":"FI_XBTUSD_210924","uid":"41724318-9add-498a-a3dc-7a55f9aacb36","side":"buy","type":"fill","seq":14401,"time":1626994204408,"qty":340.0,"price":32276.0},{"feed":"trade","product_id":"FI_XBTUSD_210924","uid":"372bc160-f32a-43e8-a097-f924f152c0d7","side":"sell","type":"fill","seq":14400,"time":1626994152787,"qty":50.0,"price":32279.5},{"feed":"trade","product_id":"FI_XBTUSD_210924","uid":"c3d0bccf-3c0d-4022-aaa6-c3fd0a97cb71","side":"buy","type":"fill","seq":14399,"time":1626994069191,"qty":71.0,"price":32284.0},{"feed":"trade","product_id":"FI_XBTUSD_210924","uid":"1a7eac37-6464-40d3-aecf-94df1ce72404","side":"sell","type":"fill","seq":14398,"time":1626993782907,"qty":50.0,"price":32242.5},{"feed":"trade","product_id":"FI_XBTUSD_210924","uid":"7424a101-17e0-43d3-ad60-a4a6f5922caa","side":"buy","type":"fill","seq":14397,"time":1626993731874,"qty":60.0,"price":32247.5},{"feed":"trade","product_id":"FI_XBTUSD_210924","uid":"80dce5dc-ea92-4192-b284-3f735935adc7","side":"buy","type":"fill","seq":14396,"time":1626993731873,"qty":100.0,"price":32247.5},{"feed":"trade","product_id":"FI_XBTUSD_210924","uid":"0513e52c-a9ad-4943-9771-bd386ef0c087","side":"buy","type":"fill","seq":14395,"time":1626993731873,"qty":700.0,"price":32247.5},{"feed":"trade","product_id":"FI_XBTUSD_210924","uid":"55f75460-69ed-417e-abbb-5e990670bd43","side":"buy","type":"fill","seq":14394,"time":1626993731872,"qty":220.0,"price":32247.5},{"feed":"trade","product_id":"FI_XBTUSD_210924","uid":"6ce907a1-ec48-44be-966d-bb56217dc62d","side":"buy","type":"fill","seq":14393,"time":1626993679518,"qty":180.0,"price":32258.0},{"feed":"trade","product_id":"FI_XBTUSD_210924","uid":"4912f6b7-e2a8-49fe-adcc-b86575c044a3","side":"buy","type":"fill","seq":14392,"time":1626993679518,"qty":400.0,"price":32258.0},{"feed":"trade","product_id":"FI_XBTUSD_210924","uid":"1007fa2a-ec88-45d6-999f-90f20a2e8155","side":"buy","type":"fill","seq":14391,"time":1626993679517,"qty":100.0,"price":32258.0},{"feed":"trade","product_id":"FI_XBTUSD_210924","uid":"e3c874ad-d4f2-49f1-930e-b60e54eea88f","side":"buy","type":"fill","seq":14390,"time":1626993679516,"qty":300.0,"price":32258.0},{"feed":"trade","product_id":"FI_XBTUSD_210924","uid":"f9d1a7e2-d045-4ce9-9c9a-4a16eea9d93f","side":"buy","type":"fill","seq":14389,"time":1626993679515,"qty":100.0,"price":32258.0},{"feed":"trade","product_id":"FI_XBTUSD_210924","uid":"267d6cbf-9458-4ea1-8126-c6d4da5688e9","side":"buy","type":"fill","seq":14388,"time":1626993679482,"qty":1080.0,"price":32254.5},{"feed":"trade","product_id":"FI_XBTUSD_210924","uid":"d9a3f153-a983-4198-a981-ec96efcf5bd3","side":"buy","type":"fill","seq":14387,"time":1626993628555,"qty":180.0,"price":32248.5},{"feed":"trade","product_id":"FI_XBTUSD_210924","uid":"bbb38591-04a8-44de-8598-8848ab854744","side":"buy","type":"fill","seq":14386,"time":1626993628551,"qty":400.0,"price":32248.5},{"feed":"trade","product_id":"FI_XBTUSD_210924","uid":"a24cbbe2-1c07-49de-980a-f90f28d5482b","side":"buy","type":"fill","seq":14385,"time":1626993628551,"qty":500.0,"price":32248.5},{"feed":"trade","product_id":"FI_XBTUSD_210924","uid":"a180b7ef-9439-49eb-857e-64cbcedf0ead","side":"buy","type":"fill","seq":14384,"time":1626993392439,"qty":40.0,"price":32254.5},{"feed":"trade","product_id":"FI_XBTUSD_210924","uid":"b0172e29-132b-4389-8657-263d66358ff1","side":"buy","type":"fill","seq":14383,"time":1626993392438,"qty":1040.0,"price":32254.5},{"feed":"trade","product_id":"FI_XBTUSD_210924","uid":"7fed0d9b-419c-4ac9-83a2-ceaf836fad28","side":"buy","type":"fill","seq":14382,"time":1626993370730,"qty":80.0,"price":32250.5},{"feed":"trade","product_id":"FI_XBTUSD_210924","uid":"4d7a1116-6618-4295-acbe-222b27e0e20b","side":"buy","type":"fill","seq":14381,"time":1626993370710,"qty":50.0,"price":32250.0},{"feed":"trade","product_id":"FI_XBTUSD_210924","uid":"652b8145-f4b1-414d-8558-8142a28adf2b","side":"buy","type":"fill","seq":14380,"time":1626993349194,"qty":800.0,"price":32255.0},{"feed":"trade","product_id":"FI_XBTUSD_210924","uid":"07c82dc2-8023-4221-8269-2b4f5a5e7031","side":"buy","type":"fill","seq":14379,"time":1626993349175,"qty":200.0,"price":32255.0},{"feed":"trade","product_id":"FI_XBTUSD_210924","uid":"c546146e-047c-40ea-9ec9-ab29f40a5bab","side":"buy","type":"fill","seq":14378,"time":1626993279419,"qty":1080.0,"price":32234.5},{"feed":"trade","product_id":"FI_XBTUSD_210924","uid":"bb70724a-f252-43a2-ba0b-03e69d62af6c","side":"buy","type":"fill","seq":14377,"time":1626993022652,"qty":50.0,"price":32226.0},{"feed":"trade","product_id":"FI_XBTUSD_210924","uid":"fb3015ad-7d48-40ae-9a34-96e9be3598e6","side":"buy","type":"fill","seq":14376,"time":1626992625390,"qty":500.0,"price":32162.0},{"feed":"trade","product_id":"FI_XBTUSD_210924","uid":"dd86004f-7544-437d-a7fd-6a3fd59d99fc","side":"buy","type":"fill","seq":14375,"time":1626992625390,"qty":100.0,"price":32162.0},{"feed":"trade","product_id":"FI_XBTUSD_210924","uid":"b84b2c8d-345c-4665-8fd3-aebb7250c25b","side":"buy","type":"fill","seq":14374,"time":1626992625389,"qty":215.0,"price":32162.0},{"feed":"trade","product_id":"FI_XBTUSD_210924","uid":"ed6175b4-2e26-4147-b1e1-d9a1e16408fb","side":"buy","type":"fill","seq":14373,"time":1626992625365,"qty":835.0,"price":32161.5},{"feed":"trade","product_id":"FI_XBTUSD_210924","uid":"4bdf17b7-fe26-4012-b10b-a3f42654f2bf","side":"buy","type":"fill","seq":14372,"time":1626992625365,"qty":100.0,"price":32161.5},{"feed":"trade","product_id":"FI_XBTUSD_210924","uid":"0e4d69f0-d7a3-4deb-aaf2-e7301bff2842","side":"buy","type":"fill","seq":14371,"time":1626992618997,"qty":50.0,"price":32135.5},{"feed":"trade","product_id":"FI_XBTUSD_210924","uid":"7b09563c-89ed-4bfa-bbcf-6521b7b9c61b","side":"buy","type":"fill","seq":14370,"time":1626992488801,"qty":520.0,"price":32213.5},{"feed":"trade","product_id":"FI_XBTUSD_210924","uid":"59a86383-1a3e-48da-a05e-5dc8bcc8e3a3","side":"buy","type":"fill","seq":14369,"time":1626992488769,"qty":100.0,"price":32209.5},{"feed":"trade","product_id":"FI_XBTUSD_210924","uid":"ec92770c-5c47-4bbe-aade-7931e9881d2a","side":"buy","type":"fill","seq":14368,"time":1626992488701,"qty":80.0,"price":32205.5},{"feed":"trade","product_id":"FI_XBTUSD_210924","uid":"d4b8795b-5218-4d78-a343-1f6a2d6312e4","side":"buy","type":"fill","seq":14367,"time":1626992488698,"qty":800.0,"price":32205.5},{"feed":"trade","product_id":"FI_XBTUSD_210924","uid":"aec39485-1241-4db7-a05b-e0ac47f0fc2e","side":"buy","type":"fill","seq":14366,"time":1626992488693,"qty":100.0,"price":32205.5},{"feed":"trade","product_id":"FI_XBTUSD_210924","uid":"4e36eeea-99cd-432d-9dae-ed6047dece6f","side":"buy","type":"fill","seq":14365,"time":1626992470782,"qty":200.0,"price":32211.5},{"feed":"trade","product_id":"FI_XBTUSD_210924","uid":"2346e3fb-42a5-4ee5-b9c7-c5315d504321","side":"buy","type":"fill","seq":14364,"time":1626992470781,"qty":100.0,"price":32211.5},{"feed":"trade","product_id":"FI_XBTUSD_210924","uid":"d3c54a12-4732-49ce-8832-b8e5fc76c4dd","side":"buy","type":"fill","seq":14363,"time":1626992470781,"qty":100.0,"price":32211.5},{"feed":"trade","product_id":"FI_XBTUSD_210924","uid":"2ded6faa-1349-49ee-a735-c1c49f165c63","side":"buy","type":"fill","seq":14362,"time":1626992470781,"qty":194.0,"price":32211.5},{"feed":"trade","product_id":"FI_XBTUSD_210924","uid":"91ee3038-5e48-4bac-9401-62d0bf6456b3","side":"sell","type":"fill","seq":14361,"time":1626992470039,"qty":280.0,"price":32218.5},{"feed":"trade","product_id":"FI_XBTUSD_210924","uid":"7ea5b17b-c918-46e7-8217-daa77faedb1f","side":"sell","type":"fill","seq":14360,"time":1626992470039,"qty":200.0,"price":32218.5},{"feed":"trade","product_id":"FI_XBTUSD_210924","uid":"02e62012-b47d-4d90-8c56-6aaf488c327a","side":"sell","type":"fill","seq":14359,"time":1626992470039,"qty":100.0,"price":32218.5},{"feed":"trade","product_id":"FI_XBTUSD_210924","uid":"b2c3ea34-14aa-4ae9-9785-600f2b2094f0","side":"sell","type":"fill","seq":14358,"time":1626992470009,"qty":500.0,"price":32218.5},{"feed":"trade","product_id":"FI_XBTUSD_210924","uid":"208888a9-a72c-459a-9ad7-891c3a013b50","side":"sell","type":"fill","seq":14357,"time":1626992469960,"qty":7988.0,"price":32222.5},{"feed":"trade","product_id":"FI_XBTUSD_210924","uid":"59c5f5d2-83a9-495c-b125-95b5d3930998","side":"sell","type":"fill","seq":14356,"time":1626992469864,"qty":800.0,"price":32222.5},{"feed":"trade","product_id":"FI_XBTUSD_210924","uid":"8992d78b-e299-469c-b435-d4a3f97f4c90","side":"sell","type":"fill","seq":14355,"time":1626992469863,"qty":100.0,"price":32222.5},{"feed":"trade","product_id":"FI_XBTUSD_210924","uid":"eb461e67-8b9a-452d-aeb9-8db596d95bef","side":"sell","type":"fill","seq":14354,"time":1626992469863,"qty":100.0,"price":32222.5},{"feed":"trade","product_id":"FI_XBTUSD_210924","uid":"867c5f75-7617-4c84-ad02-67b8f28ff47a","side":"sell","type":"fill","seq":14353,"time":1626992469862,"qty":600.0,"price":32222.5},{"feed":"trade","product_id":"FI_XBTUSD_210924","uid":"c67a59d4-965c-4f8b-a239-a9a139d31796","side":"sell","type":"fill","seq":14352,"time":1626992469862,"qty":300.0,"price":32222.5},{"feed":"trade","product_id":"FI_XBTUSD_210924","uid":"ec3d48c0-9602-4df0-a87f-d304b8af83cc","side":"sell","type":"fill","seq":14351,"time":1626992469861,"qty":100.0,"price":32222.5},{"feed":"trade","product_id":"FI_XBTUSD_210924","uid":"874e1b86-78e2-411c-a6e1-148bb1562c27","side":"sell","type":"fill","seq":14350,"time":1626992469861,"qty":200.0,"price":32222.5},{"feed":"trade","product_id":"FI_XBTUSD_210924","uid":"66663fb0-83bc-46d5-92a5-43406797249e","side":"sell","type":"fill","seq":14349,"time":1626992469860,"qty":400.0,"price":32222.5},{"feed":"trade","product_id":"FI_XBTUSD_210924","uid":"0c386c0e-6f60-42c0-a560-0224dad8ddb7","side":"sell","type":"fill","seq":14348,"time":1626992469860,"qty":6100.0,"price":32222.5},{"feed":"trade","product_id":"FI_XBTUSD_210924","uid":"5ed83c63-0096-4f20-934a-d5063e982272","side":"sell","type":"fill","seq":14347,"time":1626992469859,"qty":100.0,"price":32222.5},{"feed":"trade","product_id":"FI_XBTUSD_210924","uid":"80bbddfd-5141-4c45-9a99-c7333992e4f2","side":"sell","type":"fill","seq":14346,"time":1626992469800,"qty":2800.0,"price":32223.0},{"feed":"trade","product_id":"FI_XBTUSD_210924","uid":"81cf8f7c-323f-4164-8430-431ec18bd561","side":"sell","type":"fill","seq":14345,"time":1626992469788,"qty":500.0,"price":32223.0},{"feed":"trade","product_id":"FI_XBTUSD_210924","uid":"c0b6eb5c-8c37-43c6-b21b-225e9d8ed9e2","side":"sell","type":"fill","seq":14344,"time":1626992469787,"qty":400.0,"price":32223.0},{"feed":"trade","product_id":"FI_XBTUSD_210924","uid":"dd942b83-5191-4091-8070-527c3617d78a","side":"sell","type":"fill","seq":14343,"time":1626992469787,"qty":100.0,"price":32223.0},{"feed":"trade","product_id":"FI_XBTUSD_210924","uid":"c6f21386-f178-4d90-a4a0-a1d1915cbf1c","side":"sell","type":"fill","seq":14342,"time":1626992469780,"qty":600.0,"price":32223.0},{"feed":"trade","product_id":"FI_XBTUSD_210924","uid":"8c5d48fa-02e9-4ea7-8522-01053686bc5a","side":"sell","type":"fill","seq":14341,"time":1626992469776,"qty":600.0,"price":32223.0},{"feed":"trade","product_id":"FI_XBTUSD_210924","uid":"98182774-b526-44d2-aee9-6795543b0a19","side":"sell","type":"fill","seq":14340,"time":1626992469770,"qty":314.0,"price":32224.5},{"feed":"trade","product_id":"FI_XBTUSD_210924","uid":"13761a97-953c-46cb-a0ff-2aa8ebc22a2a","side":"sell","type":"fill","seq":14339,"time":1626992469770,"qty":620.0,"price":32224.5},{"feed":"trade","product_id":"FI_XBTUSD_210924","uid":"5bc81da1-b97d-4a2f-8a46-fc1b660acf54","side":"sell","type":"fill","seq":14338,"time":1626992469769,"qty":100.0,"price":32224.5},{"feed":"trade","product_id":"FI_XBTUSD_210924","uid":"848859f8-1838-4a0f-85f9-bb6ce13064cd","side":"sell","type":"fill","seq":14337,"time":1626992469769,"qty":800.0,"price":32224.5},{"feed":"trade","product_id":"FI_XBTUSD_210924","uid":"9e6248d2-f460-465a-aa04-7b4743902a4e","side":"sell","type":"fill","seq":14336,"time":1626992469755,"qty":1800.0,"price":32224.5},{"feed":"trade","product_id":"FI_XBTUSD_210924","uid":"38302594-ed07-4275-a825-3d93248b3609","side":"sell","type":"fill","seq":14335,"time":1626992469679,"qty":2530.0,"price":32229.0},{"feed":"trade","product_id":"FI_XBTUSD_210924","uid":"39c7d209-ab99-4532-97f8-d7b3c5a4556d","side":"sell","type":"fill","seq":14334,"time":1626992327421,"qty":50.0,"price":32213.0},{"feed":"trade","product_id":"FI_XBTUSD_210924","uid":"6b3cefe5-33df-462b-9c3b-35c97ee0645f","side":"buy","type":"fill","seq":14333,"time":1626992292543,"qty":280.0,"price":32238.0},{"feed":"trade","product_id":"FI_XBTUSD_210924","uid":"9325efe7-5223-496b-a885-a7b46e56e023","side":"buy","type":"fill","seq":14332,"time":1626992292541,"qty":200.0,"price":32238.0},{"feed":"trade","product_id":"FI_XBTUSD_210924","uid":"c4941bad-9c45-4094-aacc-448b4ac39c5f","side":"buy","type":"fill","seq":14331,"time":1626992292532,"qty":200.0,"price":32238.0},{"feed":"trade","product_id":"FI_XBTUSD_210924","uid":"a1112034-ff78-4de7-be11-e906f81b7106","side":"buy","type":"fill","seq":14330,"time":1626992292531,"qty":100.0,"price":32238.0},{"feed":"trade","product_id":"FI_XBTUSD_210924","uid":"eeb60f2c-42e2-45cc-9563-658dd5f78e37","side":"buy","type":"fill","seq":14329,"time":1626992292528,"qty":300.0,"price":32238.0},{"feed":"trade","product_id":"FI_XBTUSD_210924","uid":"6e9e8905-5b62-4e64-833d-ce56ab075204","side":"sell","type":"fill","seq":14328,"time":1626992229181,"qty":50.0,"price":32220.0},{"feed":"trade","product_id":"FI_XBTUSD_210924","uid":"da06c458-d9fb-45e8-b820-e3bac9b5455c","side":"sell","type":"fill","seq":14327,"time":1626992194981,"qty":50.0,"price":32253.0},{"feed":"trade","product_id":"FI_XBTUSD_210924","uid":"0d49bba0-4e8b-4d1b-a98a-55865a734d9d","side":"sell","type":"fill","seq":14326,"time":1626992117934,"qty":1080.0,"price":32240.5},{"feed":"trade","product_id":"FI_XBTUSD_210924","uid":"ecf757b2-73a4-4d96-87db-0fc584864ddc","side":"buy","type":"fill","seq":14325,"time":1626992035051,"qty":1080.0,"price":32275.0},{"feed":"trade","product_id":"FI_XBTUSD_210924","uid":"7296ccc0-12b0-4ab5-9d8f-0eb35d4cae39","side":"buy","type":"fill","seq":14324,"time":1626991893540,"qty":1080.0,"price":32275.5},{"feed":"trade","product_id":"FI_XBTUSD_210924","uid":"a26586d1-7bbf-4158-8c09-c8449711e029","side":"buy","type":"fill","seq":14323,"time":1626991848082,"qty":240.0,"price":32275.5},{"feed":"trade","product_id":"FI_XBTUSD_210924","uid":"829bf618-0530-4455-aa18-54a4d5f26282","side":"buy","type":"fill","seq":14322,"time":1626991848081,"qty":840.0,"price":32275.5},{"feed":"trade","product_id":"FI_XBTUSD_210924","uid":"548b4b78-d6b1-48d8-8f41-501d3b057d9d","side":"buy","type":"fill","seq":14321,"time":1626990840177,"qty":460.0,"price":32200.0},{"feed":"trade","product_id":"FI_XBTUSD_210924","uid":"1bc0045c-3d1c-4205-a7b9-8168114e719d","side":"buy","type":"fill","seq":14320,"time":1626990840177,"qty":440.0,"price":32200.0},{"feed":"trade","product_id":"FI_XBTUSD_210924","uid":"33e9e26e-911b-46ff-ac91-f66a72288067","side":"buy","type":"fill","seq":14319,"time":1626990840176,"qty":1500.0,"price":32200.0},{"feed":"trade","product_id":"FI_XBTUSD_210924","uid":"7d96b637-5166-4931-907a-c7cae9037721","side":"sell","type":"fill","seq":14318,"time":1626990833301,"qty":200.0,"price":32200.0},{"feed":"trade","product_id":"FI_XBTUSD_210924","uid":"996f36c7-2d41-4462-849d-4cc656c86d73","side":"sell","type":"fill","seq":14317,"time":1626990588302,"qty":2238.0,"price":32361.0},{"feed":"trade","product_id":"FI_XBTUSD_210924","uid":"3aea1b0c-a2e6-43d1-ab54-e4c64ba7da00","side":"sell","type":"fill","seq":14316,"time":1626990588302,"qty":100.0,"price":32361.0},{"feed":"trade","product_id":"FI_XBTUSD_210924","uid":"109a939d-defc-4de9-b926-dc6c095e6ac5","side":"sell","type":"fill","seq":14315,"time":1626990588302,"qty":1100.0,"price":32361.0},{"feed":"trade","product_id":"FI_XBTUSD_210924","uid":"c4d29648-9e83-4659-8c5a-7c12e2ad0ff4","side":"sell","type":"fill","seq":14314,"time":1626990588301,"qty":200.0,"price":32361.0},{"feed":"trade","product_id":"FI_XBTUSD_210924","uid":"125a0c9b-53c5-40c6-8e2b-71c5327e73e6","side":"sell","type":"fill","seq":14313,"time":1626990531887,"qty":900.0,"price":32382.0}]}
1626994927.870052: {"feed":"ticker_lite","product_id":"FI_XBTUSD_210924","bid":32189.5,"ask":32221.0,"change":0.4794222028516204,"premium":0.1,"volume":4782017.0,"tag":"quarter","pair":"XBT:USD","dtm":63,"maturityTime":1632495600000}
1626994927.87009: {"feed":"book_snapshot","product_id":"PI_LTCUSD","timestamp":1626994927711,"seq":3423035,"tickSize":null,"bids":[{"price":119.31,"qty":320.0},{"price":119.3,"qty":900.0},{"price":119.29,"qty":7736.0},{"price":119.28,"qty":3994.0},{"price":119.26,"qty":3892.0},{"price":119.25,"qty":4221.0},{"price":119.24,"qty":8000.0},{"price":119.23,"qty":5097.0},{"price":119.22,"qty":36370.0},{"price":119.21,"qty":25508.0},{"price":119.19,"qty":3891.0},{"price":119.18,"qty":5561.0},{"price":119.17,"qty":4066.0},{"price":119.15,"qty":708.0},{"price":119.14,"qty":5007.0},{"price":119.13,"qty":2096.0},{"price":119.12,"qty":5974.0},{"price":119.11,"qty":65682.0},{"price":119.1,"qty":5008.0},{"price":119.09,"qty":659.0},{"price":119.08,"qty":16000.0},{"price":118.99,"qty":10531.0},{"price":118.98,"qty":53824.0},{"price":118.94,"qty":8055.0},{"price":118.87,"qty":32000.0},{"price":118.86,"qty":45924.0},{"price":118.79,"qty":58804.0},{"price":118.78,"qty":3992.0},{"price":118.69,"qty":19199.0},{"price":118.62,"qty":65200.0},{"price":118.6,"qty":53910.0},{"price":118.42,"qty":52951.0},{"price":118.3,"qty":29999.0},{"price":118.04,"qty":32101.0},{"price":117.53,"qty":1200.0},{"price":116.21,"qty":31709.0},{"price":115.15,"qty":33340.0},{"price":113.78,"qty":80.0},{"price":100.35,"qty":200.0},{"price":100.0,"qty":11123.0},{"price":99.0,"qty":100.0},{"price":96.5,"qty":200.0},{"price":92.98,"qty":200.0},{"price":91.0,"qty":3.0},{"price":90.0,"qty":100.0},{"price":89.0,"qty":3.0},{"price":88.97,"qty":200.0},{"price":88.0,"qty":4.0},{"price":87.0,"qty":4.0},{"price":86.0,"qty":3.0},{"price":85.97,"qty":200.0},{"price":83.0,"qty":300.0},{"price":82.0,"qty":100.0},{"price":81.0,"qty":100.0},{"price":80.0,"qty":203.0},{"price":79.5,"qty":50.0},{"price":78.97,"qty":200.0},{"price":73.97,"qty":200.0},{"price":73.0,"qty":3.0},{"price":71.0,"qty":3.0},{"price":70.0,"qty":100.0},{"price":69.0,"qty":150.0},{"price":65.27,"qty":200.0},{"price":63.0,"qty":50.0},{"price":62.63,"qty":100.0},{"price":62.46,"qty":200.0},{"price":60.0,"qty":100.0},{"price":59.0,"qty":1.0},{"price":57.63,"qty":100.0},{"price":55.7,"qty":1189.0},{"price":54.93,"qty":1113.0},{"price":53.16,"qty":1067.0},{"price":52.63,"qty":100.0},{"price":51.0,"qty":100.0},{"price":50.88,"qty":1020.0},{"price":50.0,"qty":200.0},{"price":49.78,"qty":1005.0},{"price":48.18,"qty":985.0},{"price":47.65,"qty":961.0},{"price":47.13,"qty":952.0},{"price":46.0,"qty":11.0},{"price":45.0,"qty":100.0},{"price":44.62,"qty":905.0},{"price":43.66,"qty":887.0},{"price":42.5,"qty":425.0},{"price":42.25,"qty":854.0},{"price":42.0,"qty":1000.0},{"price":41.79,"qty":842.0},{"price":41.33,"qty":835.0},{"price":41.0,"qty":410.0},{"price":40.88,"qty":823.0},{"price":40.0,"qty":650.0},{"price":30.0,"qty":135.0},{"price":20.0,"qty":100.0},{"price":10.0,"qty":100.0},{"price":0.01,"qty":117.0}],"asks":[{"price":119.42,"qty":320.0},{"price":119.48,"qty":8000.0},{"price":119.5,"qty":1062.0},{"price":119.54,"qty":12351.0},{"price":119.55,"qty":4989.0},{"price":119.56,"qty":6053.0},{"price":119.57,"qty":5337.0},{"price":119.58,"qty":27737.0},{"price":119.59,"qty":4988.0},{"price":119.6,"qty":7983.0},{"price":119.63,"qty":32596.0},{"price":119.67,"qty":11878.0},{"price":119.68,"qty":652.0},{"price":119.73,"qty":10531.0},{"price":119.74,"qty":4185.0},{"price":119.76,"qty":3972.0},{"price":119.77,"qty":34123.0},{"price":119.83,"qty":32000.0},{"price":119.9,"qty":64000.0},{"price":120.0,"qty":55362.0},{"price":120.03,"qty":19199.0},{"price":120.23,"qty":52436.0},{"price":120.32,"qty":52640.0},{"price":120.4,"qty":29999.0},{"price":120.41,"qty":2795.0},{"price":120.63,"qty":280.0},{"price":121.29,"qty":32117.0},{"price":122.23,"qty":1500.0},{"price":122.82,"qty":32246.0},{"price":123.95,"qty":31514.0},{"price":124.0,"qty":200.0},{"price":125.0,"qty":700.0},{"price":127.38,"qty":1000.0},{"price":129.88,"qty":500.0},{"price":132.48,"qty":500.0},{"price":135.0,"qty":1050.0},{"price":137.5,"qty":50.0},{"price":140.0,"qty":1050.0},{"price":142.5,"qty":50.0},{"price":145.0,"qty":1101.0},{"price":150.0,"qty":1075.0},{"price":155.0,"qty":75.0},{"price":156.8,"qty":300.0},{"price":160.0,"qty":1050.0},{"price":165.0,"qty":50.0},{"price":167.5,"qty":1000.0},{"price":170.0,"qty":50.0},{"price":175.0,"qty":1000.0},{"price":175.6,"qty":500.0},{"price":182.5,"qty":1000.0},{"price":190.0,"qty":1000.0},{"price":200.0,"qty":1000.0},{"price":206.0,"qty":120000.0},{"price":210.0,"qty":1000.0},{"price":214.81,"qty":500.0},{"price":218.05,"qty":25.0},{"price":220.0,"qty":1000.0},{"price":220.16,"qty":1000.0},{"price":224.0,"qty":70000.0},{"price":235.84,"qty":950.0},{"price":275.0,"qty":7500.0},{"price":288.88,"qty":20000.0},{"price":300.0,"qty":15000.0},{"price":302.0,"qty":299.0},{"price":309.41,"qty":50.0},{"price":321.0,"qty":300.0},{"price":330.0,"qty":15000.0},{"price":360.0,"qty":10000.0},{"price":400.0,"qty":15055.0},{"price":404.78,"qty":100.0},{"price":411.0,"qty":200.0},{"price":425.0,"qty":7500.0},{"price":450.0,"qty":2500.0},{"price":475.0,"qty":5000.0},{"price":500.0,"qty":5.0},{"price":800.0,"qty":20.0},{"price":4000.0,"qty":450.0},{"price":4900.0,"qty":21200.0},{"price":9999999.99,"qty":2000000.0}]}
1626994927.9495401: {"feed":"trade_snapshot","product_id":"PI_XRPUSD","trades":[{"feed":"trade","product_id":"PI_XRPUSD","uid":"f0df222c-1445-4cb2-abf3-98587b1c3170","side":"buy","type":"fill","seq":9597,"time":1626994648927,"qty":320.0,"price":0.5909},{"feed":"trade","product_id":"PI_XRPUSD","uid":"cd8e855c-7804-49fc-b163-db839eec8be5","side":"buy","type":"fill","seq":9596,"time":1626994629170,"qty":59.0,"price":0.5913},{"feed":"trade","product_id":"PI_XRPUSD","uid":"9cdc4a8c-ea1f-44ec-b534-823e93180c1b","side":"buy","type":"fill","seq":9595,"time":1626994629170,"qty":61.0,"price":0.5913},{"feed":"trade","product_id":"PI_XRPUSD","uid":"33a3c9a8-2434-4a06-8d38-cd52d539d6dc","side":"sell","type":"fill","seq":9594,"time":1626994542890,"qty":2000.0,"price":0.5907},{"feed":"trade","product_id":"PI_XRPUSD","uid":"fdbe2a77-b232-4a29-a383-d2e0f65450bf","side":"sell","type":"fill","seq":9593,"time":1626994542890,"qty":700.0,"price":0.5907},{"feed":"trade","product_id":"PI_XRPUSD","uid":"74c859f8-5ae4-4b6b-801b-5be2dc64c3d1","side":"sell","type":"fill","seq":9592,"time":1626994542879,"qty":300.0,"price":0.5907},{"feed":"trade","product_id":"PI_XRPUSD","uid":"0bcead96-be4b-4c19-9d3e-9b321364831f","side":"sell","type":"fill","seq":9591,"time":1626994542879,"qty":462.0,"price":0.5907},{"feed":"trade","product_id":"PI_XRPUSD","uid":"bdd739b8-1bc6-449a-adf0-bb137694d0e7","side":"sell","type":"fill","seq":9590,"time":1626994542879,"qty":100.0,"price":0.5907},{"feed":"trade","product_id":"PI_XRPUSD","uid":"b243b80e-a193-4cc7-a9c2-bc712fd2bc5d","side":"buy","type":"fill","seq":9589,"time":1626994444775,"qty":2.0,"price":0.5917},{"feed":"trade","product_id":"PI_XRPUSD","uid":"fac37082-287b-494f-9b65-f2f340956ed8","side":"buy","type":"fill","seq":9588,"time":1626994149683,"qty":2.0,"price":0.5918},{"feed":"trade","product_id":"PI_XRPUSD","uid":"73d49c69-1035-40cb-85d8-d105b318232b","side":"buy","type":"fill","seq":9587,"time":1626994126833,"qty":259.0,"price":0.592},{"feed":"trade","product_id":"PI_XRPUSD","uid":"fc4741cd-d3f2-4df6-89e4-0021dd1c9784","side":"buy","type":"fill","seq":9586,"time":1626994126782,"qty":2.0,"price":0.5916},{"feed":"trade","product_id":"PI_XRPUSD","uid":"ae69914c-3956-40d1-a30d-b3dc2cf6ad04","side":"buy","type":"fill","seq":9585,"time":1626994045693,"qty":2.0,"price":0.591},{"feed":"trade","product_id":"PI_XRPUSD","uid":"5d6abf89-5a1d-4427-bdf1-c92356c6f7d0","side":"buy","type":"fill","seq":9584,"time":1626993732813,"qty":2.0,"price":0.5911},{"feed":"trade","product_id":"PI_XRPUSD","uid":"c6d7ad81-2476-40ed-9bb1-f47cba4f97a1","side":"buy","type":"fill","seq":9583,"time":1626993628525,"qty":2.0,"price":0.5905},{"feed":"trade","product_id":"PI_XRPUSD","uid":"fe495f08-0ef5-4944-a223-625c34ad2825","side":"buy","type":"fill","seq":9582,"time":1626993474765,"qty":2.0,"price":0.5905},{"feed":"trade","product_id":"PI_XRPUSD","uid":"e02a933d-34a3-4f6a-82ec-62c5c7303164","side":"buy","type":"fill","seq":9581,"time":1626993474765,"qty":2.0,"price":0.5905},{"feed":"trade","product_id":"PI_XRPUSD","uid":"30811036-5798-4c4f-af30-4fe5e827e11e","side":"buy","type":"fill","seq":9580,"time":1626993457376,"qty":320.0,"price":0.5904},{"feed":"trade","product_id":"PI_XRPUSD","uid":"665eb0cc-77de-4214-83a8-75a2c5a0eab5","side":"buy","type":"fill","seq":9579,"time":1626993457376,"qty":1146.0,"price":0.5903},{"feed":"trade","product_id":"PI_XRPUSD","uid":"63913d79-14bc-4624-bd53-7d6e9ca7b2f6","side":"buy","type":"fill","seq":9578,"time":1626993457375,"qty":300.0,"price":0.5903},{"feed":"trade","product_id":"PI_XRPUSD","uid":"9d521a4e-8d8c-48d2-8bc9-9785a119fcf6","side":"buy","type":"fill","seq":9577,"time":1626993457375,"qty":2962.0,"price":0.5903},{"feed":"trade","product_id":"PI_XRPUSD","uid":"dd1db40b-c67f-455f-a3d9-c473f5bc04e7","side":"buy","type":"fill","seq":9576,"time":1626993370360,"qty":50.0,"price":0.5896},{"feed":"trade","product_id":"PI_XRPUSD","uid":"a569010f-f1a8-4b55-95ec-e068d29a2326","side":"sell","type":"fill","seq":9575,"time":1626993353682,"qty":50.0,"price":0.5896},{"feed":"trade","product_id":"PI_XRPUSD","uid":"e4ef6746-ea55-41a8-83ef-9148d0a72322","side":"buy","type":"fill","seq":9574,"time":1626993349092,"qty":2.0,"price":0.5899},{"feed":"trade","product_id":"PI_XRPUSD","uid":"2b58b4c2-4659-4398-81d0-77f9486d32f2","side":"buy","type":"fill","seq":9573,"time":1626993335487,"qty":320.0,"price":0.5897},{"feed":"trade","product_id":"PI_XRPUSD","uid":"7110e2b3-fbe7-433d-a080-499833199285","side":"buy","type":"fill","seq":9572,"time":1626993335434,"qty":320.0,"price":0.5896},{"feed":"trade","product_id":"PI_XRPUSD","uid":"bf85e0e4-74f1-437f-8a4f-f6ea019e9422","side":"buy","type":"fill","seq":9571,"time":1626993133826,"qty":2.0,"price":0.59},{"feed":"trade","product_id":"PI_XRPUSD","uid":"40e91758-da48-443f-b60c-91dfdd6876cf","side":"buy","type":"fill","seq":9570,"time":1626993076612,"qty":2.0,"price":0.5894},{"feed":"trade","product_id":"PI_XRPUSD","uid":"babc2013-2b16-433a-86cb-0ea0deb1c5fc","side":"buy","type":"fill","seq":9569,"time":1626992914455,"qty":2.0,"price":0.5894},{"feed":"trade","product_id":"PI_XRPUSD","uid":"3571cf63-0463-44fa-8042-b62a3c978f82","side":"buy","type":"fill","seq":9568,"time":1626992756841,"qty":2.0,"price":0.5892},{"feed":"trade","product_id":"PI_XRPUSD","uid":"f1b867cd-4815-42aa-9906-e01baef885e8","side":"buy","type":"fill","seq":9567,"time":1626992717671,"qty":2.0,"price":0.5886},{"feed":"trade","product_id":"PI_XRPUSD","uid":"f3d8dff9-9cb1-4e88-b849-390b2e5141a3","side":"buy","type":"fill","seq":9566,"time":1626992486994,"qty":320.0,"price":0.5903},{"feed":"trade","product_id":"PI_XRPUSD","uid":"dd73c810-8b8a-47c0-8581-eb93ac3f11d3","side":"buy","type":"fill","seq":9565,"time":1626992486917,"qty":320.0,"price":0.5903},{"feed":"trade","product_id":"PI_XRPUSD","uid":"7d35558b-9898-43dd-b404-4b18abd8dde9","side":"sell","type":"fill","seq":9564,"time":1626992469755,"qty":320.0,"price":0.591},{"feed":"trade","product_id":"PI_XRPUSD","uid":"258dc078-4a65-4903-b1ca-01f41bdd503b","side":"buy","type":"fill","seq":9563,"time":1626992419184,"qty":320.0,"price":0.5921},{"feed":"trade","product_id":"PI_XRPUSD","uid":"c82f9874-f56c-4f54-952a-d90ef74728fb","side":"buy","type":"fill","seq":9562,"time":1626992418332,"qty":2.0,"price":0.5916},{"feed":"trade","product_id":"PI_XRPUSD","uid":"d1ba4b3d-2003-4db5-87bd-7c76fb5fa68b","side":"buy","type":"fill","seq":9561,"time":1626992410515,"qty":2.0,"price":0.591},{"feed":"trade","product_id":"PI_XRPUSD","uid":"402e3e25-98e7-4dbc-93bc-c23695369c22","side":"buy","type":"fill","seq":9560,"time":1626992381905,"qty":320.0,"price":0.59},{"feed":"trade","product_id":"PI_XRPUSD","uid":"8cf04da2-444b-4ca8-9f33-5b22c0f1bb3a","side":"buy","type":"fill","seq":9559,"time":1626992381556,"qty":50.0,"price":0.5899},{"feed":"trade","product_id":"PI_XRPUSD","uid":"06f5f59b-9f69-4f00-acb2-79529d30c3b9","side":"buy","type":"fill","seq":9558,"time":1626992376566,"qty":122.0,"price":0.5896},{"feed":"trade","product_id":"PI_XRPUSD","uid":"c8368db5-0d84-429c-a885-566467ec9493","side":"sell","type":"fill","seq":9557,"time":1626992375331,"qty":220.0,"price":0.5891},{"feed":"trade","product_id":"PI_XRPUSD","uid":"c24f2ade-d3e7-4e19-9038-e53bc0122255","side":"sell","type":"fill","seq":9556,"time":1626992374290,"qty":732.0,"price":0.5899},{"feed":"trade","product_id":"PI_XRPUSD","uid":"415b4f47-ac63-4611-94cf-185382f55ac3","side":"sell","type":"fill","seq":9555,"time":1626992374287,"qty":653.0,"price":0.5899},{"feed":"trade","product_id":"PI_XRPUSD","uid":"22e15b40-bc1e-4045-a04e-7390e4efb853","side":"sell","type":"fill","seq":9554,"time":1626992264571,"qty":100.0,"price":0.5912},{"feed":"trade","product_id":"PI_XRPUSD","uid":"98681a02-f5c0-4fbf-a34f-c4ee2cc91793","side":"buy","type":"fill","seq":9553,"time":1626992245580,"qty":2082.0,"price":0.5917},{"feed":"trade","product_id":"PI_XRPUSD","uid":"3ea8967b-a948-4c36-a9e0-8d32e918eb49","side":"buy","type":"fill","seq":9552,"time":1626992245563,"qty":200.0,"price":0.5917},{"feed":"trade","product_id":"PI_XRPUSD","uid":"cc633052-3ebe-46d5-bb63-ca2fbe2dc4c5","side":"buy","type":"fill","seq":9551,"time":1626992245563,"qty":100.0,"price":0.5917},{"feed":"trade","product_id":"PI_XRPUSD","uid":"fd37f53f-fb34-474f-aec7-42d42276f52b","side":"buy","type":"fill","seq":9550,"time":1626992245562,"qty":444.0,"price":0.5917},{"feed":"trade","product_id":"PI_XRPUSD","uid":"26c48e8e-7a9e-40c0-acdb-c1e7e9630194","side":"buy","type":"fill","seq":9549,"time":1626992245561,"qty":2450.0,"price":0.5917},{"feed":"trade","product_id":"PI_XRPUSD","uid":"00660812-3bea-47ee-9dc1-b7ed6b1c813e","side":"buy","type":"fill","seq":9548,"time":1626992245561,"qty":50.0,"price":0.5917},{"feed":"trade","product_id":"PI_XRPUSD","uid":"4c9a913f-4ee8-4729-b85b-50955cc63b45","side":"buy","type":"fill","seq":9547,"time":1626992001185,"qty":100.0,"price":0.593},{"feed":"trade","product_id":"PI_XRPUSD","uid":"ffde6ad8-0812-446e-ab53-3186828db4a9","side":"buy","type":"fill","seq":9546,"time":1626991995058,"qty":98.0,"price":0.5933},{"feed":"trade","product_id":"PI_XRPUSD","uid":"91ca6e2a-f5ca-4acd-b7c2-4af8e56e8fee","side":"buy","type":"fill","seq":9545,"time":1626991995058,"qty":2.0,"price":0.5933},{"feed":"trade","product_id":"PI_XRPUSD","uid":"a9c3c3a8-92ee-4324-a8cf-6661b8a3fb91","side":"buy","type":"fill","seq":9544,"time":1626991851504,"qty":2.0,"price":0.5924},{"feed":"trade","product_id":"PI_XRPUSD","uid":"05381ffd-4453-4a30-a229-1ac57c9d4651","side":"sell","type":"fill","seq":9543,"time":1626991802370,"qty":1000.0,"price":0.5914},{"feed":"trade","product_id":"PI_XRPUSD","uid":"94647310-7b4a-4a3f-a453-af20ef052c74","side":"buy","type":"fill","seq":9542,"time":1626991664859,"qty":50.0,"price":0.5917},{"feed":"trade","product_id":"PI_XRPUSD","uid":"622c2599-56dc-441b-9cc9-5aada617c895","side":"buy","type":"fill","seq":9541,"time":1626991612905,"qty":320.0,"price":0.5923},{"feed":"trade","product_id":"PI_XRPUSD","uid":"537e7796-9185-4bfc-ac75-d543ea438004","side":"buy","type":"fill","seq":9540,"time":1626991612905,"qty":6312.0,"price":0.5922},{"feed":"trade","product_id":"PI_XRPUSD","uid":"25ff2a90-d2cd-46c7-a180-dc741b09cb1d","side":"buy","type":"fill","seq":9539,"time":1626991612905,"qty":2.0,"price":0.5922},{"feed":"trade","product_id":"PI_XRPUSD","uid":"2720fa7a-e0b6-4a1d-890c-fa75dfcecfa6","side":"buy","type":"fill","seq":9538,"time":1626991542685,"qty":2.0,"price":0.5918},{"feed":"trade","product_id":"PI_XRPUSD","uid":"c0d1b66a-0949-4291-a569-5b88adf0f0f4","side":"sell","type":"fill","seq":9537,"time":1626991337224,"qty":40.0,"price":0.5905},{"feed":"trade","product_id":"PI_XRPUSD","uid":"59dfefc6-05ea-4148-a313-2da461ac99af","side":"buy","type":"fill","seq":9536,"time":1626991270624,"qty":2.0,"price":0.5908},{"feed":"trade","product_id":"PI_XRPUSD","uid":"af73cb94-15b7-46ad-bfd1-aa167d788383","side":"buy","type":"fill","seq":9535,"time":1626991251506,"qty":2.0,"price":0.5903},{"feed":"trade","product_id":"PI_XRPUSD","uid":"f5e04245-4b8f-4d2a-936f-b1d456ac5f46","side":"buy","type":"fill","seq":9534,"time":1626991238934,"qty":2.0,"price":0.5897},{"feed":"trade","product_id":"PI_XRPUSD","uid":"c81f1903-79ca-4546-be95-c56b2a2f50ca","side":"sell","type":"fill","seq":9533,"time":1626991214837,"qty":50.0,"price":0.588},{"feed":"trade","product_id":"PI_XRPUSD","uid":"030ccca1-f5da-4ef1-80df-35fed87950b2","side":"sell","type":"fill","seq":9532,"time":1626991214837,"qty":50.0,"price":0.588},{"feed":"trade","product_id":"PI_XRPUSD","uid":"e6a94c20-bfa3-4c7e-8e6c-bd07b266deec","side":"buy","type":"fill","seq":9531,"time":1626991204957,"qty":996.0,"price":0.5877},{"feed":"trade","product_id":"PI_XRPUSD","uid":"576bacb9-68fa-45b0-8ace-3c43d22d5ddf","side":"buy","type":"fill","seq":9530,"time":1626991204953,"qty":500.0,"price":0.5877},{"feed":"trade","product_id":"PI_XRPUSD","uid":"0d72e35d-861e-445e-93a1-acd0a87b7ece","side":"buy","type":"fill","seq":9529,"time":1626991204953,"qty":834.0,"price":0.5877},{"feed":"trade","product_id":"PI_XRPUSD","uid":"bbcd1276-b811-44f9-8215-0317260728a6","side":"buy","type":"fill","seq":9528,"time":1626991204953,"qty":2700.0,"price":0.5877},{"feed":"trade","product_id":"PI_XRPUSD","uid":"4eb4b5c7-8d68-4ca3-9779-2de963559d75","side":"buy","type":"fill","seq":9527,"time":1626991117129,"qty":2.0,"price":0.5911},{"feed":"trade","product_id":"PI_XRPUSD","uid":"04ceb295-d7b7-45cb-b631-348e6fa59d7a","side":"buy","type":"fill","seq":9526,"time":1626991079768,"qty":2.0,"price":0.5905},{"feed":"trade","product_id":"PI_XRPUSD","uid":"4cb2807f-d993-4c24-94d0-86a02ab00bca","side":"buy","type":"fill","seq":9525,"time":1626991069858,"qty":162.0,"price":0.5899},{"feed":"trade","product_id":"PI_XRPUSD","uid":"096a3312-3c81-460b-94fa-85d0e75c9b12","side":"buy","type":"fill","seq":9524,"time":1626991069838,"qty":1318.0,"price":0.5899},{"feed":"trade","product_id":"PI_XRPUSD","uid":"1dddb4db-2f88-4b90-bfd2-e76225b970c8","side":"sell","type":"fill","seq":9523,"time":1626991025213,"qty":2000.0,"price":0.589},{"feed":"trade","product_id":"PI_XRPUSD","uid":"5a6c51b2-de46-4953-a52d-f987eb0039b5","side":"sell","type":"fill","seq":9522,"time":1626990993105,"qty":2087.0,"price":0.5901},{"feed":"trade","product_id":"PI_XRPUSD","uid":"58be835f-e9fc-43bf-91d2-d6144fa90937","side":"sell","type":"fill","seq":9521,"time":1626990993105,"qty":3916.0,"price":0.5901},{"feed":"trade","product_id":"PI_XRPUSD","uid":"a61afa6e-e3f5-4845-bedf-46ac7ec903ec","side":"sell","type":"fill","seq":9520,"time":1626990993105,"qty":3997.0,"price":0.5902},{"feed":"trade","product_id":"PI_XRPUSD","uid":"c653dfd7-1094-47c0-9f5f-dbef5a0cf3b3","side":"buy","type":"fill","seq":9519,"time":1626990900452,"qty":282.0,"price":0.5909},{"feed":"trade","product_id":"PI_XRPUSD","uid":"33e8d8a9-40be-46bf-8a40-e14af3643ea4","side":"buy","type":"fill","seq":9518,"time":1626990900451,"qty":500.0,"price":0.5909},{"feed":"trade","product_id":"PI_XRPUSD","uid":"243963df-3063-497b-8c81-827f76670527","side":"buy","type":"fill","seq":9517,"time":1626990900448,"qty":1000.0,"price":0.5909},{"feed":"trade","product_id":"PI_XRPUSD","uid":"228432b7-f515-466a-8eab-3c58af054635","side":"buy","type":"fill","seq":9516,"time":1626990900448,"qty":200.0,"price":0.5909},{"feed":"trade","product_id":"PI_XRPUSD","uid":"89007076-6d51-4973-8df8-9759ed7becbc","side":"buy","type":"fill","seq":9515,"time":1626990900394,"qty":700.0,"price":0.5909},{"feed":"trade","product_id":"PI_XRPUSD","uid":"3aa6247e-e9c2-49c5-8f71-b4dd0509121d","side":"buy","type":"fill","seq":9514,"time":1626990900380,"qty":400.0,"price":0.5909},{"feed":"trade","product_id":"PI_XRPUSD","uid":"d45d17ec-9cd7-4c50-bedc-24ce3e6e9e2b","side":"buy","type":"fill","seq":9513,"time":1626990900380,"qty":1000.0,"price":0.5909},{"feed":"trade","product_id":"PI_XRPUSD","uid":"c3d52b10-d87d-4392-8b1c-d6f601ca47ce","side":"buy","type":"fill","seq":9512,"time":1626990900374,"qty":833.0,"price":0.5909},{"feed":"trade","product_id":"PI_XRPUSD","uid":"01b8f80b-206d-4e35-bda0-1622f292901f","side":"buy","type":"fill","seq":9511,"time":1626990862959,"qty":800.0,"price":0.5912},{"feed":"trade","product_id":"PI_XRPUSD","uid":"3e5bb69d-22f2-45bb-bfe6-76ef4bc879cf","side":"buy","type":"fill","seq":9510,"time":1626990862956,"qty":167.0,"price":0.5912},{"feed":"trade","product_id":"PI_XRPUSD","uid":"2e96c8f2-d9ff-46c6-bb5d-440ce15b8201","side":"buy","type":"fill","seq":9509,"time":1626990862953,"qty":1036.0,"price":0.5912},{"feed":"trade","product_id":"PI_XRPUSD","uid":"8720d4e9-ad25-41f7-9b10-2179571a661d","side":"buy","type":"fill","seq":9508,"time":1626990862952,"qty":800.0,"price":0.5912},{"feed":"trade","product_id":"PI_XRPUSD","uid":"4404b81a-ec0c-474a-b030-125a8bd14e35","side":"buy","type":"fill","seq":9507,"time":1626990843931,"qty":2803.0,"price":0.5916},{"feed":"trade","product_id":"PI_XRPUSD","uid":"2ed767fc-b2c8-4fd2-84c6-9074eda9578b","side":"buy","type":"fill","seq":9506,"time":1626990840303,"qty":4556.0,"price":0.5907},{"feed":"trade","product_id":"PI_XRPUSD","uid":"60ad0b89-e60a-4a50-bf18-28a57d318551","side":"buy","type":"fill","seq":9505,"time":1626990840067,"qty":69.0,"price":0.5907},{"feed":"trade","product_id":"PI_XRPUSD","uid":"8404c855-ce60-4384-b4fc-df5d99cd443a","side":"buy","type":"fill","seq":9504,"time":1626990840059,"qty":649.0,"price":0.5907},{"feed":"trade","product_id":"PI_XRPUSD","uid":"e895b5d5-8c05-48dd-89a4-8b115a01e4d3","side":"buy","type":"fill","seq":9503,"time":1626990840054,"qty":69.0,"price":0.5907},{"feed":"trade","product_id":"PI_XRPUSD","uid":"70f5ef6d-0244-453a-8543-22043226271c","side":"buy","type":"fill","seq":9502,"time":1626990840042,"qty":718.0,"price":0.5908},{"feed":"trade","product_id":"PI_XRPUSD","uid":"6d9541d9-c86e-4427-b653-66894fe43141","side":"buy","type":"fill","seq":9501,"time":1626990840037,"qty":545.0,"price":0.5908},{"feed":"trade","product_id":"PI_XRPUSD","uid":"2dfcca5f-720b-4d76-b60c-3f06be3edf4b","side":"buy","type":"fill","seq":9500,"time":1626990840032,"qty":689.0,"price":0.5907},{"feed":"trade","product_id":"PI_XRPUSD","uid":"26e541a0-fb5d-4843-91ce-6ba4feb3ec4b","side":"buy","type":"fill","seq":9499,"time":1626990840032,"qty":5406.0,"price":0.5907},{"feed":"trade","product_id":"PI_XRPUSD","uid":"3aa32dcf-1657-48cc-97f5-9f7166007770","side":"sell","type":"fill","seq":9498,"time":1626990838245,"qty":90.0,"price":0.5895}]}
