wss://ws.poloniex.com/ws/public <-> 1661123517.095489
wss://ws.poloniex.com/ws/public <- 1661123517.636833: {"event":"subscribe","channel":["trades"],"symbols":["BCH_USDT","EFI_USDT","USDJ_USDT","DYP_USDT","SOL_USDT","MDT_BTC","GRT_USDT","GF_USDT","BCH_BTC","ZEC_USDT","BTC_USDT"]}
wss://ws.poloniex.com/ws/public <- 1661123517.636977: {"event":"subscribe","channel":["book_lv2"],"symbols":["BCH_USDT","EFI_USDT","USDJ_USDT","DYP_USDT","SOL_USDT","MDT_BTC","GRT_USDT","GF_USDT","BCH_BTC","ZEC_USDT","BTC_USDT"]}
1661123517.853288: {"event":"subscribe","channel":"trades","symbols":["BCH_USDT","EFI_USDT","USDJ_USDT","DYP_USDT","SOL_USDT","MDT_BTC","GRT_USDT","GF_USDT","BCH_BTC","ZEC_USDT","BTC_USDT"]}
1661123517.853315: {"event":"subscribe","channel":"book_lv2","symbols":["BCH_USDT","EFI_USDT","USDJ_USDT","DYP_USDT","SOL_USDT","MDT_BTC","GRT_USDT","GF_USDT","BCH_BTC","ZEC_USDT","BTC_USDT"]}
1661123517.853324: {"channel":"book_lv2","data":[{"symbol":"USDJ_USDT","createTime":1661123485852,"asks":[["0.9998","264.0257"],["0.9999","216.5843"],["1","15973.2101"],["1.0001","6277.3354"],["1.0004","659.2622"],["1.0005","1670.7400"],["1.0006","407.2262"],["1.0008","2250.0000"],["1.001","1.0005"],["1.0015","2535.8294"],["1.0016","315.8829"],["1.0017","191.0137"],["1.0018","1418.7917"],["1.0019","2722.1160"],["1.002","529.0098"],["1.0021","411.0483"],["1.0022","507.7065"],["1.0023","490.5168"],["1.0024","488.0785"],["1.0025","669.7862"]],"bids":[["0.9996","67.2095"],["0.9995","40126.4510"],["0.9994","23745.3414"],["0.9984","17.2581"],["0.9983","6.2964"],["0.9982","13.5598"],["0.9981","15.6033"],["0.998","5.2117"],["0.9979","10.8873"],["0.9978","6.058"],["0.9977","1.3686"],["0.9976","1.3688"],["0.995","30.1509"],["0.994","30.1812"],["0.9871","147.4567"],["0.987","9578.6075"],["0.98","102.0408"],["0.95","44.2358"],["0.1045","95.6937"],["0.0979","18386.3125"]],"lastId":74229,"id":74230,"ts":1661123517823}],"action":"snapshot"}
1661123517.8534908: {"channel":"book_lv2","data":[{"symbol":"DYP_USDT","createTime":1661110273720,"asks":[["0.2999","30.01"],["0.3999","22.5056"],["0.4749","271.5515"],["0.475","624.4681"],["0.4997","98.0588"],["0.4999","2039.8434"],["0.5","993.8490"],["0.581","559.3632"],["0.71","2031.4451"],["0.8","57.5"],["0.9","1.4073"],["0.9786","16.9776"],["0.9999","2.3592"],["1.4342","1.4436"],["1.9999","3"],["2.488","1.3138"],["2.9401","0.3436"],["3.9999","1"],["4","57.5"],["5","18.5445"]],"bids":[["0.2002","140.8591"],["0.2001","134.9325"],["0.2","23.0019"],["0.19","200"],["0.16","300"],["0.0201","199.0049"],["0.02","250"],["0.0005","47077.2"],["0.0004","5000"],["0.0003","166666.6666"],["0.0001","10000"]],"lastId":8553,"id":8554,"ts":1661123517823}],"action":"snapshot"}
1661123517.853565: {"channel":"book_lv2","data":[{"symbol":"BCH_USDT","createTime":1661123515950,"asks":[["120.26","14.101117"],["120.27","0.988452"],["120.33","0.143766"],["120.57","1"],["121.1","10.1"],["121.54","5.2"],["122","5.459537"],["123.33","2"],["130","0.99855"],["131.43","1.031211"],["140","0.2"],["141.72","0.009594"],["148.86","0.008603"],["149","27.247356"],["150.74","0.006696"],["152","0.0086"],["154","0.4258"],["154.66","0.006465"],["154.95","5"],["154.98","10"]],"bids":[["120.13","0.114476"],["119.63","0.377603"],["119.62","2"],["119.28","10.6"],["118.63","5"],["116.99","2"],["115.5","1"],["113","0.720471"],["112.68","0.053248"],["111.2","0.25"],["111.11","4.50"],["110","1.445454"],["105","1.380952"],["101.44","0.498883"],["101","0.5"],["100","1.5"],["99.99","3.0003"],["99.5","0.100502"],["98.31","0.026265"],["97.33","0.019589"]],"lastId":1090000,"id":1090001,"ts":1661123517823}],"action":"snapshot"}
1661123517.853642: {"channel":"book_lv2","data":[{"symbol":"GRT_USDT","createTime":1661123515643,"asks":[["0.109","876.9280"],["0.1091","352.9063"],["0.1092","403.7149"],["0.1093","360.3971"],["0.1094","377.0889"],["0.1107","157.8758"],["0.1116","27.5229"],["0.1156","26.5722"],["0.117","26.2467"],["0.1175","260.8181"],["0.1185","25.9291"],["0.1199","25.6191"],["0.12","629.3532"],["0.1213","25.3165"],["0.1225","839.1376"],["0.1228","25.0209"],["0.1242","24.7321"],["0.125","1258.7065"],["0.1257","24.4300"],["0.1273","48.2703"]],"bids":[["0.1078","1466.6410"],["0.1077","359.7749"],["0.1043","285.0000"],["0.0967","12.4095"],["0.08","1000"],["0.06","1000"],["0.0508","59.0551"],["0.05","28"],["0.0177","25000"],["0.0101","198.0198"],["0.01","10100"],["0.0072","1250"],["0.0055","3636.3636"],["0.0052","9615.3846"],["0.0012","841.6666"],["0.0011","17906.7272"],["0.001","101000"],["0.0006","83333.3333"],["0.0005","200000"],["0.0004","10000"]],"lastId":261153,"id":261154,"ts":1661123517823}],"action":"snapshot"}
1661123517.853729: {"channel":"book_lv2","data":[{"symbol":"MDT_BTC","createTime":1661123099800,"asks":[["0.000001368","64"],["0.000001374","4455"],["0.00000149","1055"],["0.00000153","1652"],["0.00000167","1774"],["0.00000185","829"],["0.000001999","4629"],["0.000002","31"],["0.00000228","46"],["0.00000248","712"],["0.0000025","1317"],["0.00000304","1359"],["0.00000327","89"],["0.00000362","35"],["0.00000371","1499"],["0.00000516","615"],["0.00000561","363"],["0.00000637","239"],["0.00000668","773"],["0.00000692","686"]],"bids":[["0.000001119","4959"],["0.000001","100"],["0.000000932","11"],["0.000000931","11"],["0.00000093","11"],["0.000000929","11"],["0.000000928","11"],["0.000000927","11"],["0.000000926","11"],["0.000000925","11"],["0.000000924","11"],["0.000000923","11"],["0.000000922","11"],["0.000000921","11"],["0.00000092","11"],["0.000000919","11"],["0.000000918","11"],["0.000000917","11"],["0.000000916","11"],["0.000000915","11"]],"lastId":55345,"id":55346,"ts":1661123517823}],"action":"snapshot"}
1661123517.853822: {"channel":"book_lv2","data":[{"symbol":"ZEC_USDT","createTime":1661123471452,"asks":[["65.99","0.409002"],["66.68","0.055828"],["66.86","0.07585"],["66.96","0.055705"],["66.99","0.895954"],["67.4","1"],["67.5","3.095819"],["67.83","0.066314"],["67.99","0.735695"],["68.1","1"],["68.99","0.146977"],["69.86","0.053392"],["69.99","0.285897"],["70","2.321864"],["70.26","0.0721"],["70.99","0.211438"],["71.99","0.277816"],["72.05","0.054407"],["72.5","0.773955"],["72.99","0.548157"]],"bids":[["64.55","1.839317"],["64","0.218125"],["63.31","0.071048"],["63.01","1.716828"],["63","0.317619"],["62","0.484032"],["61","0.819836"],["60.63","1.208871"],["60.53","0.088881"],["60.21","0.166085"],["60.1","0.815307"],["60.01","1.05"],["60","5.911833"],["59.55","0.142635"],["59.02","1"],["59","1.177399"],["58","3.616862"],["57.63","0.17352"],["57","0.157895"],["56.65","0.176522"]],"lastId":158953,"id":158954,"ts":1661123517823}],"action":"snapshot"}
1661123517.853895: {"channel":"book_lv2","data":[{"symbol":"BCH_BTC","createTime":1661123516826,"asks":[["0.00555","0.01"],["0.005598","0.01"],["0.005654","0.01"],["0.005705","0.14"],["0.005706","1"],["0.005711","0.01"],["0.005733","1.79"],["0.005768","0.01"],["0.005815","0.04"],["0.005825","0.01"],["0.005884","0.01"],["0.005899","0.51"],["0.0059","0.2"],["0.005942","0.01"],["0.006002","0.01"],["0.006006","1.88"],["0.006062","0.01"],["0.0061","0.04"],["0.006122","0.01"],["0.006182","0.65"]],"bids":[["0.00553","10.73"],["0.005529","1.30"],["0.005432","0.01"],["0.005407","1.7"],["0.005378","0.01"],["0.005324","0.01"],["0.005311","2.82"],["0.00531","0.87"],["0.005271","0.01"],["0.005259","0.27"],["0.00525","0.02"],["0.005218","0.01"],["0.0052","10"],["0.005166","0.01"],["0.00512","2.92"],["0.005114","0.01"],["0.005112","1.2"],["0.005111","39.13"],["0.005063","0.01"],["0.00503","20"]],"lastId":1432813,"id":1432814,"ts":1661123517823}],"action":"snapshot"}
1661123517.853983: {"channel":"book_lv2","data":[{"symbol":"EFI_USDT","createTime":1661119935711,"asks":[["0.1499","13.3422"],["0.1989","29.6393"],["0.199","113.9995"],["0.235","10"],["0.2448","10"],["0.247","27.7335"],["0.3448","10"],["0.4899","20"],["0.5448","10"],["0.5948","10"],["0.6448","10"],["0.6948","10"],["0.7448","10"],["0.8899","10"],["0.9448","10"],["0.9735","44.9797"],["1.2448","10"],["1.45","24.8160"],["1.7839","10"],["1.8039","1.1477"]],"bids":[["0.1003","296.2622"],["0.1002","19.9600"],["0.0521","57.5815"],["0.03","100"],["0.027","74.074"],["0.0233","171.7253"],["0.0224","45.0848"],["0.0223","44.8431"],["0.0222","45.0451"],["0.0221","45.2489"],["0.022","45.4546"],["0.0219","45.6622"],["0.0218","45.8716"],["0.0217","46.083"],["0.0216","46.2963"],["0.0215","46.5117"],["0.0214","46.729"],["0.0213","46.9484"],["0.0212","47.1699"],["0.0211","47.3934"]],"lastId":17006,"id":17007,"ts":1661123517823}],"action":"snapshot"}
1661123517.944536: {"channel":"book_lv2","data":[{"symbol":"BTC_USDT","createTime":1661123517798,"asks":[["21612.27","0.34"],["21614.62","0.01"],["21614.71","0.68"],["21617.15","0.68"],["21622.3","0.34"],["21624.47","0.34"],["21627.25","0.34"],["21631.22","0.320521"],["21636.81","0.339939"],["21639.59","0.34"],["21641.4","0.15"],["21641.82","0.34"],["21644.12","0.34"],["21646.33","0.34"],["21649.25","0.34"],["21649.4","0.05435"],["21651.41","0.002235"],["21651.42","0.34"],["21653.6","0.34"],["21653.97","0.128888"]],"bids":[["21612.26","0.34"],["21602.41","0.340000"],["21599.85","0.34"],["21589.96","0.34"],["21589.5","0.7"],["21581.9","0.6925"],["21581.89","1.731455"],["21578.75","0.34"],["21575.66","0.340000"],["21571.55","0.34"],["21567.23","0.34"],["21565.4","0.212"],["21561.21","0.34"],["21556.72","0.314248"],["21552.35","0.34"],["21548.03","0.34"],["21544.15","0.273958"],["21539.26","0.34"],["21538.9","0.882"],["21500.5","4.312"]],"lastId":4485674,"id":4485675,"ts":1661123517823}],"action":"snapshot"}
1661123517.9447758: {"channel":"book_lv2","data":[{"symbol":"SOL_USDT","createTime":1661123517813,"asks":[["36.843","3.227617"],["36.888","3.3"],["36.955","6.2"],["37.056","39.8"],["37.24","15.6"],["41","8.695917"],["41.1","8.695917"],["42","0.03"],["42.482","0.897345"],["43.39","18.856895"],["43.43","0.0362"],["43.64","0.022914"],["44","24.971250"],["44.243","0.23"],["44.943","0.242015"],["45.243","0.23801"],["45.943","0.242015"],["46","1"],["46.64","0.229763"],["47","1"]],"bids":[["36.568","16.897134"],["36.55","90.845122"],["34.443","0.000005"],["34.25","0.1"],["34.1","0.1"],["34.05","0.100000"],["34","1.001000"],["33.5","0.114328"],["33.418","0.056638"],["33","1"],["32","1"],["30.089","0.975702"],["30.088","400.5"],["30","3.373333"],["27","0.555555"],["25","2"],["23.24","0.645438"],["21.24","0.941619"],["19.24","0.779625"],["17","1.764705"]],"lastId":1838394,"id":1838395,"ts":1661123517823}],"action":"snapshot"}
1661123517.9449: {"channel":"book_lv2","data":[{"symbol":"GF_USDT","createTime":1661091852706,"asks":[["0.2999","10.0033"],["0.3499","25.7216"],["0.3979","22.6187"],["0.3981","50"],["0.3992","199.3916"],["0.3993","50"],["0.3998","21.0729"],["0.4","53"],["0.8","26.25"],["0.8503","23"],["0.9799","20.2011"],["0.98","39.7614"],["1.9988","2.8596"],["1.999","49.5498"],["2","3.4375"],["2.1999","6.5529"],["3.0955","49.4268"],["6.3457","2.8109"],["6.8","160.4742"],["7.0503","27"]],"bids":[["0.2303","8.6843"],["0.23","8.6956"],["0.16","56.25"],["0.155","19.3548"],["0.1531","71.8484"],["0.153","110.2364"],["0.1529","71.9424"],["0.125","32"],["0.1101","27.2479"],["0.11","100"],["0.0103","194.1747"],["0.0066","153.0303"],["0.0065","3076.923"],["0.0063","160.3174"],["0.0062","954.2144"],["0.0061","839.3442"],["0.006","1333.3333"],["0.0058","2111"],["0.0056","2932"],["0.0055","2000"]],"lastId":19298,"id":19299,"ts":1661123517823}],"action":"snapshot"}
1661123517.945039: {"channel":"book_lv2","data":[{"symbol":"BTC_USDT","createTime":1661123517832,"asks":[["21617.15","0.34"]],"bids":[],"lastId":4485675,"id":4485676,"ts":1661123517837}],"action":"update"}
1661123517.945081: {"channel":"book_lv2","data":[{"symbol":"BTC_USDT","createTime":1661123517846,"asks":[["21612.27","0.68"]],"bids":[],"lastId":4485676,"id":4485677,"ts":1661123517851}],"action":"update"}
1661123517.945106: {"channel":"book_lv2","data":[{"symbol":"BTC_USDT","createTime":1661123517859,"asks":[],"bids":[["21612.26","0.68"]],"lastId":4485677,"id":4485678,"ts":1661123517863}],"action":"update"}
1661123517.945128: {"channel":"book_lv2","data":[{"symbol":"BCH_BTC","createTime":1661123517863,"asks":[],"bids":[["0.00553","9.73"]],"lastId":1432814,"id":1432815,"ts":1661123517868}],"action":"update"}
1661123517.945154: {"channel":"book_lv2","data":[{"symbol":"SOL_USDT","createTime":1661123517872,"asks":[["36.842","353.838425"],["47","0"]],"bids":[],"lastId":1838395,"id":1838396,"ts":1661123517876}],"action":"update"}
1661123517.9451818: {"channel":"book_lv2","data":[{"symbol":"BTC_USDT","createTime":1661123517877,"asks":[["21651.41","0"],["21657.91","0.34"]],"bids":[],"lastId":4485678,"id":4485679,"ts":1661123517882}],"action":"update"}
1661123518.020757: {"channel":"book_lv2","data":[{"symbol":"BTC_USDT","createTime":1661123517985,"asks":[["21649.24","0.002235"],["21657.91","0"]],"bids":[],"lastId":4485679,"id":4485680,"ts":1661123517990}],"action":"update"}
1661123518.219401: {"channel":"book_lv2","data":[{"symbol":"BCH_BTC","createTime":1661123518185,"asks":[],"bids":[["0.005531","0.24"],["0.00503","0"]],"lastId":1432815,"id":1432816,"ts":1661123518190}],"action":"update"}
1661123518.2669802: {"channel":"book_lv2","data":[{"symbol":"BCH_BTC","createTime":1661123518232,"asks":[],"bids":[["0.00553","0"],["0.00503","20"]],"lastId":1432816,"id":1432817,"ts":1661123518237}],"action":"update"}
1661123518.322411: {"channel":"book_lv2","data":[{"symbol":"BCH_BTC","createTime":1661123518287,"asks":[],"bids":[["0.005532","9.73"],["0.00503","0"]],"lastId":1432817,"id":1432818,"ts":1661123518292}],"action":"update"}
1661123518.4421382: {"channel":"book_lv2","data":[{"symbol":"BTC_USDT","createTime":1661123518399,"asks":[],"bids":[["21594.11","1.007915"],["21500.5","0"]],"lastId":4485680,"id":4485681,"ts":1661123518412}],"action":"update"}
1661123518.762047: {"channel":"book_lv2","data":[{"symbol":"BTC_USDT","createTime":1661123518653,"asks":[],"bids":[["21585.4","0.06609"],["21538.9","0"]],"lastId":4485681,"id":4485682,"ts":1661123518679}],"action":"update"}
1661123519.07604: {"channel":"book_lv2","data":[{"symbol":"BTC_USDT","createTime":1661123519040,"asks":[["21612.27","0.34"]],"bids":[],"lastId":4485682,"id":4485683,"ts":1661123519045}],"action":"update"}
1661123519.080044: {"channel":"book_lv2","data":[{"symbol":"BTC_USDT","createTime":1661123519042,"asks":[["21612.27","0"],["21657.91","0.34"]],"bids":[],"lastId":4485683,"id":4485684,"ts":1661123519048}],"action":"update"}
1661123519.215956: {"channel":"book_lv2","data":[{"symbol":"BTC_USDT","createTime":1661123519101,"asks":[["21614.71","0.34"]],"bids":[],"lastId":4485684,"id":4485685,"ts":1661123519175}],"action":"update"}
1661123519.216063: {"channel":"book_lv2","data":[{"symbol":"BTC_USDT","createTime":1661123519104,"asks":[["21614.71","0"],["21660.34","0.3400"]],"bids":[],"lastId":4485685,"id":4485686,"ts":1661123519177}],"action":"update"}
1661123519.299797: {"channel":"book_lv2","data":[{"symbol":"BTC_USDT","createTime":1661123519265,"asks":[["21649.24","0"],["21663.62","0.34"]],"bids":[],"lastId":4485686,"id":4485687,"ts":1661123519270}],"action":"update"}
1661123519.415529: {"channel":"book_lv2","data":[{"symbol":"BTC_USDT","createTime":1661123519380,"asks":[["21653.59","0.002235"],["21663.62","0"]],"bids":[],"lastId":4485687,"id":4485688,"ts":1661123519386}],"action":"update"}
1661123519.4286132: {"channel":"book_lv2","data":[{"symbol":"BTC_USDT","createTime":1661123519392,"asks":[["21614.61","0.00072"],["21660.34","0"]],"bids":[],"lastId":4485688,"id":4485689,"ts":1661123519397}],"action":"update"}
1661123519.469429: {"channel":"book_lv2","data":[{"symbol":"BTC_USDT","createTime":1661123519434,"asks":[["21614.6","0.34"],["21657.91","0"]],"bids":[],"lastId":4485689,"id":4485690,"ts":1661123519439}],"action":"update"}
1661123519.9910321: {"channel":"book_lv2","data":[{"symbol":"BTC_USDT","createTime":1661123519869,"asks":[["21653.59","0"],["21657.91","0.34"]],"bids":[],"lastId":4485690,"id":4485691,"ts":1661123519874}],"action":"update"}
1661123519.991112: {"channel":"book_lv2","data":[{"symbol":"BTC_USDT","createTime":1661123519931,"asks":[["21614.62","0"],["21660.34","0.3400"]],"bids":[],"lastId":4485691,"id":4485692,"ts":1661123519936}],"action":"update"}
1661123519.991147: {"channel":"book_lv2","data":[{"symbol":"BTC_USDT","createTime":1661123519953,"asks":[["21614.6","0.68"]],"bids":[],"lastId":4485692,"id":4485693,"ts":1661123519958}],"action":"update"}
1661123520.020213: {"channel":"book_lv2","data":[{"symbol":"BTC_USDT","createTime":1661123519985,"asks":[["21657.9","0.002235"],["21660.34","0"]],"bids":[],"lastId":4485693,"id":4485694,"ts":1661123519990}],"action":"update"}
1661123520.06453: {"channel":"book_lv2","data":[{"symbol":"BCH_USDT","createTime":1661123520028,"asks":[],"bids":[["120.13","0"],["96.8","0.154958"]],"lastId":1090001,"id":1090002,"ts":1661123520033}],"action":"update"}
1661123520.172251: {"channel":"book_lv2","data":[{"symbol":"BCH_USDT","createTime":1661123520137,"asks":[],"bids":[["119.64","48.546952"],["96.8","0"]],"lastId":1090002,"id":1090003,"ts":1661123520141}],"action":"update"}
1661123520.179841: {"channel":"book_lv2","data":[{"symbol":"BCH_USDT","createTime":1661123520142,"asks":[["120.17","0.134643"],["154.98","0"]],"bids":[],"lastId":1090003,"id":1090004,"ts":1661123520147}],"action":"update"}
1661123520.207865: {"channel":"book_lv2","data":[{"symbol":"BTC_USDT","createTime":1661123520172,"asks":[],"bids":[["21613.45","0.011541"],["21539.26","0"]],"lastId":4485694,"id":4485695,"ts":1661123520177}],"action":"update"}
1661123520.267195: {"channel":"book_lv2","data":[{"symbol":"BCH_USDT","createTime":1661123520232,"asks":[["120.26","0"],["154.98","10"]],"bids":[],"lastId":1090004,"id":1090005,"ts":1661123520237}],"action":"update"}
1661123520.3011599: {"channel":"book_lv2","data":[{"symbol":"BTC_USDT","createTime":1661123520255,"asks":[],"bids":[["21614.59","0.34"],["21544.15","0"]],"lastId":4485695,"id":4485696,"ts":1661123520271}],"action":"update"}
1661123520.3056908: {"channel":"book_lv2","data":[{"symbol":"BTC_USDT","createTime":1661123520260,"asks":[],"bids":[["21614.53","0.34"],["21548.03","0"]],"lastId":4485696,"id":4485697,"ts":1661123520274}],"action":"update"}
1661123520.3300102: {"channel":"book_lv2","data":[{"symbol":"BTC_USDT","createTime":1661123520292,"asks":[],"bids":[["21612.26","0.34"]],"lastId":4485697,"id":4485698,"ts":1661123520297}],"action":"update"}
1661123520.330084: {"channel":"book_lv2","data":[{"symbol":"BTC_USDT","createTime":1661123520293,"asks":[],"bids":[["21614.53","0"],["21548.03","0.34"]],"lastId":4485698,"id":4485699,"ts":1661123520299}],"action":"update"}
1661123520.347779: {"channel":"book_lv2","data":[{"symbol":"BTC_USDT","createTime":1661123520311,"asks":[],"bids":[["21614.59","0.68"]],"lastId":4485699,"id":4485700,"ts":1661123520318}],"action":"update"}
1661123520.424012: {"channel":"trades","data":[{"symbol":"BTC_USDT","amount":"248.3516391","quantity":"0.01149","takerSide":"sell","createTime":1661123520381,"price":"21614.59","id":"60184114","ts":1661123520386}]}
1661123520.4241211: {"channel":"book_lv2","data":[{"symbol":"BTC_USDT","createTime":1661123520381,"asks":[],"bids":[["21614.59","0.66851"]],"lastId":4485700,"id":4485702,"ts":1661123520387}],"action":"update"}
1661123520.424191: {"channel":"book_lv2","data":[{"symbol":"BTC_USDT","createTime":1661123520383,"asks":[],"bids":[["21565.4","0"],["21544.15","0.273958"]],"lastId":4485702,"id":4485703,"ts":1661123520389}],"action":"update"}
1661123520.5260422: {"channel":"book_lv2","data":[{"symbol":"BCH_USDT","createTime":1661123520484,"asks":[["120.33","0"],["155","0.761494"]],"bids":[],"lastId":1090005,"id":1090006,"ts":1661123520489}],"action":"update"}
1661123520.594657: {"channel":"book_lv2","data":[{"symbol":"BTC_USDT","createTime":1661123520560,"asks":[["21629.28","1.035271"],["21657.91","0"]],"bids":[],"lastId":4485703,"id":4485710,"ts":1661123520565}],"action":"update"}
1661123520.639117: {"channel":"book_lv2","data":[{"symbol":"BCH_USDT","createTime":1661123520604,"asks":[["129.99","0.143766"],["155","0"]],"bids":[],"lastId":1090006,"id":1090007,"ts":1661123520609}],"action":"update"}
1661123521.011899: {"channel":"book_lv2","data":[{"symbol":"BTC_USDT","createTime":1661123520903,"asks":[["21657.9","0"],["21657.91","0.34"]],"bids":[],"lastId":4485710,"id":4485715,"ts":1661123520913}],"action":"update"}
1661123521.011986: {"channel":"book_lv2","data":[{"symbol":"BCH_USDT","createTime":1661123520939,"asks":[["120.57","0"],["155","0.761494"]],"bids":[],"lastId":1090007,"id":1090008,"ts":1661123520943}],"action":"update"}
1661123521.0553658: {"channel":"book_lv2","data":[{"symbol":"BTC_USDT","createTime":1661123521009,"asks":[["21649.24","0.002235"],["21657.91","0"]],"bids":[],"lastId":4485715,"id":4485716,"ts":1661123521026}],"action":"update"}
1661123521.090751: {"channel":"book_lv2","data":[{"symbol":"BCH_USDT","createTime":1661123521054,"asks":[["120.41","1"],["155","0"]],"bids":[],"lastId":1090008,"id":1090009,"ts":1661123521061}],"action":"update"}
1661123521.273633: {"channel":"book_lv2","data":[{"symbol":"BCH_BTC","createTime":1661123521236,"asks":[],"bids":[["0.005531","0"],["0.00503","20"]],"lastId":1432818,"id":1432819,"ts":1661123521241}],"action":"update"}
1661123521.319284: {"channel":"book_lv2","data":[{"symbol":"BCH_BTC","createTime":1661123521284,"asks":[],"bids":[["0.005532","0"],["0.005012","3.00"]],"lastId":1432819,"id":1432820,"ts":1661123521289}],"action":"update"}
1661123521.415236: {"channel":"book_lv2","data":[{"symbol":"BCH_BTC","createTime":1661123521344,"asks":[],"bids":[["0.00553","9.73"],["0.005012","0"]],"lastId":1432820,"id":1432821,"ts":1661123521348}],"action":"update"}
1661123521.415352: {"channel":"book_lv2","data":[{"symbol":"BCH_BTC","createTime":1661123521349,"asks":[],"bids":[["0.00553","10.73"]],"lastId":1432821,"id":1432822,"ts":1661123521353}],"action":"update"}
1661123521.9369228: {"channel":"book_lv2","data":[{"symbol":"SOL_USDT","createTime":1661123521800,"asks":[],"bids":[["36.55","0"],["16.24","0.923645"]],"lastId":1838396,"id":1838397,"ts":1661123521813}],"action":"update"}
1661123522.4038432: {"channel":"book_lv2","data":[{"symbol":"BTC_USDT","createTime":1661123522366,"asks":[],"bids":[["21614.59","0.32851"]],"lastId":4485716,"id":4485717,"ts":1661123522371}],"action":"update"}
1661123522.403954: {"channel":"book_lv2","data":[{"symbol":"BTC_USDT","createTime":1661123522366,"asks":[],"bids":[["21614.59","0"],["21539.26","0.34"]],"lastId":4485717,"id":4485718,"ts":1661123522374}],"action":"update"}
1661123522.485185: {"channel":"book_lv2","data":[{"symbol":"BTC_USDT","createTime":1661123522441,"asks":[["21614.61","0"],["21657.91","0.34"]],"bids":[],"lastId":4485718,"id":4485719,"ts":1661123522454}],"action":"update"}
1661123522.52965: {"channel":"book_lv2","data":[{"symbol":"BTC_USDT","createTime":1661123522472,"asks":[],"bids":[["21559.6","0.8"],["21539.26","0"]],"lastId":4485719,"id":4485720,"ts":1661123522492}],"action":"update"}
1661123522.5419872: {"channel":"book_lv2","data":[{"symbol":"SOL_USDT","createTime":1661123522493,"asks":[["36.955","0"],["47","1"]],"bids":[],"lastId":1838397,"id":1838398,"ts":1661123522498}],"action":"update"}
1661123522.628026: {"channel":"book_lv2","data":[{"symbol":"SOL_USDT","createTime":1661123522593,"asks":[["36.907","6.2"],["47","0"]],"bids":[],"lastId":1838398,"id":1838399,"ts":1661123522598}],"action":"update"}
1661123522.707842: {"channel":"book_lv2","data":[{"symbol":"BTC_USDT","createTime":1661123522606,"asks":[],"bids":[["21614.45","0.34"],["21544.15","0"]],"lastId":4485720,"id":4485721,"ts":1661123522677}],"action":"update"}
1661123522.8526778: {"channel":"book_lv2","data":[{"symbol":"SOL_USDT","createTime":1661123522760,"asks":[["36.809","26.017921"],["46.64","0"]],"bids":[],"lastId":1838399,"id":1838400,"ts":1661123522817}],"action":"update"}
1661123522.852795: {"channel":"book_lv2","data":[{"symbol":"SOL_USDT","createTime":1661123522806,"asks":[["36.842","0"],["46.64","0.229763"]],"bids":[],"lastId":1838400,"id":1838401,"ts":1661123522821}],"action":"update"}
1661123522.915964: {"channel":"book_lv2","data":[{"symbol":"SOL_USDT","createTime":1661123522870,"asks":[["36.808","353.838425"],["46.64","0"]],"bids":[],"lastId":1838401,"id":1838402,"ts":1661123522875}],"action":"update"}
1661123523.015718: {"channel":"book_lv2","data":[{"symbol":"SOL_USDT","createTime":1661123522967,"asks":[["36.809","0"],["46.64","0.229763"]],"bids":[],"lastId":1838402,"id":1838403,"ts":1661123522985}],"action":"update"}
1661123523.060875: {"channel":"book_lv2","data":[{"symbol":"SOL_USDT","createTime":1661123523027,"asks":[["36.808","0"],["47","1"]],"bids":[],"lastId":1838403,"id":1838404,"ts":1661123523031}],"action":"update"}
1661123523.125396: {"channel":"book_lv2","data":[{"symbol":"SOL_USDT","createTime":1661123523091,"asks":[["36.842","353.838425"],["47","0"]],"bids":[],"lastId":1838404,"id":1838405,"ts":1661123523096}],"action":"update"}
1661123523.210926: {"channel":"book_lv2","data":[{"symbol":"BTC_USDT","createTime":1661123523152,"asks":[],"bids":[["21614.45","0.68"]],"lastId":4485721,"id":4485723,"ts":1661123523180}],"action":"update"}
1661123523.248567: {"channel":"book_lv2","data":[{"symbol":"SOL_USDT","createTime":1661123523214,"asks":[["36.815","3.227617"],["46.64","0"]],"bids":[],"lastId":1838405,"id":1838406,"ts":1661123523218}],"action":"update"}
1661123523.286913: {"channel":"book_lv2","data":[{"symbol":"SOL_USDT","createTime":1661123523252,"asks":[["36.843","0"],["46.64","0.229763"]],"bids":[],"lastId":1838406,"id":1838407,"ts":1661123523256}],"action":"update"}
1661123523.2977831: {"channel":"book_lv2","data":[{"symbol":"SOL_USDT","createTime":1661123523259,"asks":[["36.842","0"],["47","1"]],"bids":[],"lastId":1838407,"id":1838408,"ts":1661123523264}],"action":"update"}
1661123523.351443: {"channel":"book_lv2","data":[{"symbol":"SOL_USDT","createTime":1661123523316,"asks":[["36.814","353.838425"],["47","0"]],"bids":[],"lastId":1838408,"id":1838409,"ts":1661123523321}],"action":"update"}
1661123523.3959858: {"channel":"book_lv2","data":[{"symbol":"BTC_USDT","createTime":1661123523357,"asks":[["21629.28","0"],["21660.34","0.3400"]],"bids":[],"lastId":4485723,"id":4485724,"ts":1661123523362}],"action":"update"}
1661123523.3961248: {"channel":"book_lv2","data":[{"symbol":"BTC_USDT","createTime":1661123523358,"asks":[["21614.6","0.34"]],"bids":[],"lastId":4485724,"id":4485725,"ts":1661123523364}],"action":"update"}
1661123523.47372: {"channel":"book_lv2","data":[{"symbol":"BTC_USDT","createTime":1661123523438,"asks":[["21649.24","0"],["21663.62","0.34"]],"bids":[],"lastId":4485725,"id":4485726,"ts":1661123523443}],"action":"update"}
1661123523.531727: {"channel":"book_lv2","data":[{"symbol":"BTC_USDT","createTime":1661123523496,"asks":[["21614.6","0"],["21664.2","0.87"]],"bids":[],"lastId":4485726,"id":4485727,"ts":1661123523501}],"action":"update"}
1661123523.54372: {"channel":"book_lv2","data":[{"symbol":"SOL_USDT","createTime":1661123523503,"asks":[["36.814","0"],["47","1"]],"bids":[],"lastId":1838409,"id":1838410,"ts":1661123523513}],"action":"update"}
1661123523.596405: {"channel":"book_lv2","data":[{"symbol":"BCH_BTC","createTime":1661123523554,"asks":[],"bids":[["0.00553","9.73"]],"lastId":1432822,"id":1432823,"ts":1661123523559}],"action":"update"}
1661123523.596534: {"channel":"book_lv2","data":[{"symbol":"BTC_USDT","createTime":1661123523553,"asks":[["21653.59","0.002235"],["21664.2","0"]],"bids":[],"lastId":4485727,"id":4485728,"ts":1661123523560}],"action":"update"}
1661123524.100615: {"channel":"book_lv2","data":[{"symbol":"BTC_USDT","createTime":1661123524055,"asks":[["21653.59","0"],["21664.2","0.87"]],"bids":[],"lastId":4485728,"id":4485729,"ts":1661123524060}],"action":"update"}
1661123524.2158148: {"channel":"book_lv2","data":[{"symbol":"BTC_USDT","createTime":1661123524164,"asks":[["21663.61","0.002235"],["21664.2","0"]],"bids":[],"lastId":4485729,"id":4485730,"ts":1661123524183}],"action":"update"}
1661123524.906477: {"channel":"book_lv2","data":[{"symbol":"BTC_USDT","createTime":1661123524849,"asks":[],"bids":[["21610.35","0.878913"],["21548.03","0"]],"lastId":4485730,"id":4485731,"ts":1661123524854}],"action":"update"}
1661123525.5247822: {"channel":"book_lv2","data":[{"symbol":"BCH_USDT","createTime":1661123525446,"asks":[],"bids":[["119.62","1"]],"lastId":1090009,"id":1090010,"ts":1661123525457}],"action":"update"}
1661123526.2349792: {"channel":"book_lv2","data":[{"symbol":"SOL_USDT","createTime":1661123526145,"asks":[],"bids":[["36.639","58.90023"],["16.24","0"]],"lastId":1838410,"id":1838411,"ts":1661123526177}],"action":"update"}
1661123526.2350998: {"channel":"book_lv2","data":[{"symbol":"BTC_USDT","createTime":1661123526165,"asks":[["21617.15","0"],["21664.2","0.87"]],"bids":[],"lastId":4485731,"id":4485746,"ts":1661123526180}],"action":"update"}
1661123526.235158: {"channel":"book_lv2","data":[{"symbol":"BTC_USDT","createTime":1661123526184,"asks":[["21619.32","0.34"],["21664.2","0"]],"bids":[],"lastId":4485746,"id":4485747,"ts":1661123526189}],"action":"update"}
1661123526.283944: {"channel":"book_lv2","data":[{"symbol":"BTC_USDT","createTime":1661123526247,"asks":[["21621.22","0.01"],["21663.62","0"]],"bids":[],"lastId":4485747,"id":4485748,"ts":1661123526252}],"action":"update"}
1661123526.314173: {"channel":"book_lv2","data":[{"symbol":"BTC_USDT","createTime":1661123526277,"asks":[],"bids":[["21610.35","0"],["21548.03","0.34"]],"lastId":4485748,"id":4485749,"ts":1661123526284}],"action":"update"}
1661123526.443506: {"channel":"book_lv2","data":[{"symbol":"SOL_USDT","createTime":1661123526407,"asks":[["36.888","0"],["47.4","0.038749"]],"bids":[],"lastId":1838411,"id":1838412,"ts":1661123526413}],"action":"update"}
1661123526.56372: {"channel":"book_lv2","data":[{"symbol":"SOL_USDT","createTime":1661123526527,"asks":[["36.859","3.3"],["47.4","0"]],"bids":[],"lastId":1838412,"id":1838413,"ts":1661123526532}],"action":"update"}
1661123526.975494: {"channel":"book_lv2","data":[{"symbol":"BTC_USDT","createTime":1661123526940,"asks":[["21619.32","0.68"]],"bids":[],"lastId":4485749,"id":4485750,"ts":1661123526945}],"action":"update"}
1661123527.1100512: {"channel":"book_lv2","data":[{"symbol":"BCH_USDT","createTime":1661123527063,"asks":[["120.26","0.223848"],["154.98","0"]],"bids":[],"lastId":1090010,"id":1090011,"ts":1661123527072}],"action":"update"}
1661123528.591488: {"channel":"book_lv2","data":[{"symbol":"BCH_USDT","createTime":1661123528458,"asks":[["120.17","0"],["154.98","10"]],"bids":[],"lastId":1090011,"id":1090012,"ts":1661123528462}],"action":"update"}
1661123528.591582: {"channel":"book_lv2","data":[{"symbol":"BCH_USDT","createTime":1661123528520,"asks":[["120.25","14.101117"],["154.98","0"]],"bids":[],"lastId":1090012,"id":1090013,"ts":1661123528525}],"action":"update"}
1661123528.591617: {"channel":"book_lv2","data":[{"symbol":"BTC_USDT","createTime":1661123528548,"asks":[],"bids":[["21613.45","0"],["21544.9","0.424"]],"lastId":4485750,"id":4485751,"ts":1661123528553}],"action":"update"}
1661123528.613951: {"channel":"book_lv2","data":[{"symbol":"BCH_USDT","createTime":1661123528577,"asks":[],"bids":[["120.17","0.270684"],["97.33","0"]],"lastId":1090013,"id":1090014,"ts":1661123528582}],"action":"update"}
1661123528.662095: {"channel":"book_lv2","data":[{"symbol":"BCH_USDT","createTime":1661123528627,"asks":[],"bids":[["119.64","0"],["97.33","0.019589"]],"lastId":1090014,"id":1090015,"ts":1661123528632}],"action":"update"}
1661123528.714357: {"channel":"book_lv2","data":[{"symbol":"BTC_USDT","createTime":1661123528662,"asks":[["21616.87","0.006091"],["21663.61","0"]],"bids":[],"lastId":4485751,"id":4485752,"ts":1661123528682}],"action":"update"}
1661123528.7370949: {"channel":"book_lv2","data":[{"symbol":"BCH_USDT","createTime":1661123528702,"asks":[["129.99","0"],["154.98","10"]],"bids":[],"lastId":1090015,"id":1090016,"ts":1661123528707}],"action":"update"}
1661123528.7537332: {"channel":"book_lv2","data":[{"symbol":"BTC_USDT","createTime":1661123528716,"asks":[["21615.95","0.34"],["21660.34","0"]],"bids":[],"lastId":4485752,"id":4485753,"ts":1661123528720}],"action":"update"}
1661123528.832327: {"channel":"book_lv2","data":[{"symbol":"BCH_USDT","createTime":1661123528797,"asks":[],"bids":[["120.17","0"],["96.8","0.154958"]],"lastId":1090016,"id":1090017,"ts":1661123528801}],"action":"update"}
1661123528.832445: {"channel":"trades","data":[{"symbol":"BCH_USDT","amount":"32.52809628","quantity":"0.270684","takerSide":"sell","createTime":1661123528797,"price":"120.17","id":"60040539","ts":1661123528802}]}
1661123528.837528: {"channel":"book_lv2","data":[{"symbol":"BCH_USDT","createTime":1661123528802,"asks":[],"bids":[["119.93","0.069611"],["96.8","0"]],"lastId":1090017,"id":1090018,"ts":1661123528807}],"action":"update"}
1661123528.859513: {"channel":"book_lv2","data":[{"symbol":"BCH_USDT","createTime":1661123528824,"asks":[["121.53","0.143766"],["154.98","0"]],"bids":[],"lastId":1090018,"id":1090019,"ts":1661123528829}],"action":"update"}
1661123528.8971992: {"channel":"book_lv2","data":[{"symbol":"BCH_USDT","createTime":1661123528856,"asks":[],"bids":[["119.64","48.546952"],["97.33","0"]],"lastId":1090019,"id":1090020,"ts":1661123528860}],"action":"update"}
1661123528.925163: {"channel":"trades","data":[{"symbol":"BTC_USDT","amount":"130.14963495","quantity":"0.006021","takerSide":"buy","createTime":1661123528888,"price":"21615.95","id":"60184115","ts":1661123528893}]}
1661123528.925247: {"channel":"book_lv2","data":[{"symbol":"BTC_USDT","createTime":1661123528888,"asks":[["21615.95","0.333979"]],"bids":[],"lastId":4485753,"id":4485754,"ts":1661123528894}],"action":"update"}
1661123528.953032: {"channel":"book_lv2","data":[{"symbol":"BCH_USDT","createTime":1661123528910,"asks":[],"bids":[["119.64","0"],["97.33","0.019589"]],"lastId":1090020,"id":1090021,"ts":1661123528915}],"action":"update"}
1661123529.0102222: {"channel":"book_lv2","data":[{"symbol":"BCH_USDT","createTime":1661123528976,"asks":[],"bids":[["119.94","48.425524"],["97.33","0"]],"lastId":1090021,"id":1090022,"ts":1661123528980}],"action":"update"}
1661123529.108199: {"channel":"book_lv2","data":[{"symbol":"BTC_USDT","createTime":1661123529071,"asks":[["21621.22","0"],["21660.34","0.3400"]],"bids":[],"lastId":4485754,"id":4485755,"ts":1661123529076}],"action":"update"}
1661123529.2094111: {"channel":"book_lv2","data":[{"symbol":"BTC_USDT","createTime":1661123529162,"asks":[],"bids":[["21611.31","1.248053"],["21544.9","0"]],"lastId":4485755,"id":4485756,"ts":1661123529175}],"action":"update"}
1661123529.229402: {"channel":"book_lv2","data":[{"symbol":"BTC_USDT","createTime":1661123529192,"asks":[["21615.95","0"],["21663.61","0.002235"]],"bids":[],"lastId":4485756,"id":4485757,"ts":1661123529197}],"action":"update"}
1661123529.299551: {"channel":"book_lv2","data":[{"symbol":"BTC_USDT","createTime":1661123529260,"asks":[],"bids":[["21581.9","0"],["21544.9","0.424"]],"lastId":4485757,"id":4485758,"ts":1661123529266}],"action":"update"}
1661123529.316155: {"channel":"book_lv2","data":[{"symbol":"BTC_USDT","createTime":1661123529280,"asks":[],"bids":[["21594.12","0.69324"],["21544.9","0"]],"lastId":4485758,"id":4485759,"ts":1661123529285}],"action":"update"}
1661123529.45918: {"channel":"book_lv2","data":[{"symbol":"SOL_USDT","createTime":1661123529418,"asks":[["36.81","22.543691"],["47","0"]],"bids":[],"lastId":1838413,"id":1838414,"ts":1661123529423}],"action":"update"}
1661123529.700757: {"channel":"book_lv2","data":[{"symbol":"SOL_USDT","createTime":1661123529600,"asks":[],"bids":[["36.568","3.246770"]],"lastId":1838414,"id":1838415,"ts":1661123529671}],"action":"update"}
1661123529.724552: {"channel":"book_lv2","data":[{"symbol":"SOL_USDT","createTime":1661123529689,"asks":[["36.793","3.227617"],["46.64","0"]],"bids":[],"lastId":1838415,"id":1838416,"ts":1661123529695}],"action":"update"}
1661123529.7630432: {"channel":"book_lv2","data":[{"symbol":"SOL_USDT","createTime":1661123529728,"asks":[["36.815","0"],["46.64","0.229763"]],"bids":[],"lastId":1838416,"id":1838417,"ts":1661123529732}],"action":"update"}
1661123529.7823622: {"channel":"book_lv2","data":[{"symbol":"BCH_USDT","createTime":1661123529745,"asks":[["120.26","0"],["154.98","10"]],"bids":[],"lastId":1090022,"id":1090023,"ts":1661123529750}],"action":"update"}
1661123529.8326201: {"channel":"book_lv2","data":[{"symbol":"BCH_USDT","createTime":1661123529797,"asks":[["120.25","0"],["155","0.761494"]],"bids":[],"lastId":1090023,"id":1090024,"ts":1661123529802}],"action":"update"}
1661123529.891295: {"channel":"book_lv2","data":[{"symbol":"BCH_USDT","createTime":1661123529856,"asks":[["120.26","14.101117"],["155","0"]],"bids":[],"lastId":1090024,"id":1090025,"ts":1661123529862}],"action":"update"}
1661123529.959459: {"channel":"book_lv2","data":[{"symbol":"BCH_USDT","createTime":1661123529922,"asks":[["121.53","0"],["155","0.761494"]],"bids":[],"lastId":1090025,"id":1090026,"ts":1661123529927}],"action":"update"}
1661123530.079344: {"channel":"book_lv2","data":[{"symbol":"BCH_USDT","createTime":1661123530044,"asks":[["129.99","0.143766"],["155","0"]],"bids":[],"lastId":1090026,"id":1090027,"ts":1661123530049}],"action":"update"}
1661123530.21569: {"channel":"book_lv2","data":[{"symbol":"BTC_USDT","createTime":1661123530163,"asks":[["21616.87","0.346091"]],"bids":[],"lastId":4485759,"id":4485760,"ts":1661123530178}],"action":"update"}
1661123530.836857: {"channel":"book_lv2","data":[{"symbol":"BCH_USDT","createTime":1661123530796,"asks":[["129.99","0"],["155","0.761494"]],"bids":[],"lastId":1090027,"id":1090028,"ts":1661123530801}],"action":"update"}
1661123530.95683: {"channel":"book_lv2","data":[{"symbol":"BCH_USDT","createTime":1661123530921,"asks":[["121.53","0.143766"],["155","0"]],"bids":[],"lastId":1090028,"id":1090029,"ts":1661123530926}],"action":"update"}
1661123530.9832802: {"channel":"book_lv2","data":[{"symbol":"BCH_USDT","createTime":1661123530945,"asks":[["120.25","0.988452"],["154.98","0"]],"bids":[],"lastId":1090029,"id":1090030,"ts":1661123530949}],"action":"update"}
1661123531.017612: {"channel":"book_lv2","data":[{"symbol":"BCH_USDT","createTime":1661123530983,"asks":[["120.27","0"],["154.98","10"]],"bids":[],"lastId":1090030,"id":1090031,"ts":1661123530988}],"action":"update"}
1661123531.0308201: {"channel":"book_lv2","data":[{"symbol":"BCH_USDT","createTime":1661123530994,"asks":[["120.26","0"],["155","0.761494"]],"bids":[],"lastId":1090031,"id":1090032,"ts":1661123530999}],"action":"update"}
1661123531.078472: {"channel":"book_lv2","data":[{"symbol":"BCH_USDT","createTime":1661123531041,"asks":[["120.24","14.101117"],["155","0"]],"bids":[],"lastId":1090032,"id":1090033,"ts":1661123531046}],"action":"update"}
1661123531.765413: {"channel":"book_lv2","data":[{"symbol":"BTC_USDT","createTime":1661123531701,"asks":[["21615.79","0.34"],["21663.61","0"]],"bids":[],"lastId":4485760,"id":4485761,"ts":1661123531717}],"action":"update"}
1661123531.772579: {"channel":"book_lv2","data":[{"symbol":"BTC_USDT","createTime":1661123531734,"asks":[["21614.46","0.34"],["21660.34","0"]],"bids":[],"lastId":4485761,"id":4485762,"ts":1661123531739}],"action":"update"}
1661123531.794902: {"channel":"book_lv2","data":[{"symbol":"BTC_USDT","createTime":1661123531758,"asks":[["21619.32","0.34"]],"bids":[],"lastId":4485762,"id":4485763,"ts":1661123531762}],"action":"update"}
1661123531.800266: {"channel":"book_lv2","data":[{"symbol":"BTC_USDT","createTime":1661123531763,"asks":[["21615.79","0"],["21660.34","0.3400"]],"bids":[],"lastId":4485763,"id":4485764,"ts":1661123531767}],"action":"update"}
1661123531.803753: {"channel":"book_lv2","data":[{"symbol":"BTC_USDT","createTime":1661123531768,"asks":[],"bids":[["21611.31","0"],["21544.9","0.424"]],"lastId":4485764,"id":4485765,"ts":1661123531773}],"action":"update"}
1661123531.817035: {"channel":"book_lv2","data":[{"symbol":"BTC_USDT","createTime":1661123531779,"asks":[["21614.46","0.68"]],"bids":[],"lastId":4485765,"id":4485766,"ts":1661123531784}],"action":"update"}
1661123531.910689: {"channel":"book_lv2","data":[{"symbol":"BTC_USDT","createTime":1661123531872,"asks":[],"bids":[["21594.12","0"],["21544.15","0.273958"]],"lastId":4485766,"id":4485767,"ts":1661123531877}],"action":"update"}
1661123531.922542: {"channel":"book_lv2","data":[{"symbol":"BTC_USDT","createTime":1661123531886,"asks":[],"bids":[["21581.9","0.69315"],["21544.15","0"]],"lastId":4485767,"id":4485768,"ts":1661123531891}],"action":"update"}
1661123531.9643898: {"channel":"book_lv2","data":[{"symbol":"SOL_USDT","createTime":1661123531929,"asks":[["36.81","0"],["47","1"]],"bids":[],"lastId":1838417,"id":1838418,"ts":1661123531934}],"action":"update"}
1661123532.2216692: {"channel":"book_lv2","data":[{"symbol":"BTC_USDT","createTime":1661123532180,"asks":[["21660.33","0.002235"],["21660.34","0"]],"bids":[],"lastId":4485768,"id":4485770,"ts":1661123532185}],"action":"update"}
1661123533.446342: {"channel":"book_lv2","data":[{"symbol":"USDJ_USDT","createTime":1661123533411,"asks":[],"bids":[["0.9997","8.324"],["0.0979","0"]],"lastId":74230,"id":74231,"ts":1661123533416}],"action":"update"}
1661123533.4608252: {"channel":"book_lv2","data":[{"symbol":"BTC_USDT","createTime":1661123533426,"asks":[],"bids":[["21608.82","0.853724"],["21544.9","0"]],"lastId":4485770,"id":4485771,"ts":1661123533431}],"action":"update"}
1661123533.473616: {"channel":"book_lv2","data":[{"symbol":"BCH_BTC","createTime":1661123533439,"asks":[],"bids":[["0.005531","0.15"],["0.00503","0"]],"lastId":1432823,"id":1432824,"ts":1661123533444}],"action":"update"}
1661123533.5343869: {"channel":"book_lv2","data":[{"symbol":"BCH_BTC","createTime":1661123533498,"asks":[],"bids":[["0.00553","0"],["0.00503","20"]],"lastId":1432824,"id":1432825,"ts":1661123533503}],"action":"update"}
1661123533.594849: {"channel":"book_lv2","data":[{"symbol":"BCH_BTC","createTime":1661123533555,"asks":[],"bids":[["0.005532","9.73"],["0.00503","0"]],"lastId":1432825,"id":1432826,"ts":1661123533560}],"action":"update"}
1661123533.6439822: {"channel":"trades","data":[{"symbol":"USDJ_USDT","amount":"8.19624039","quantity":"8.1987","takerSide":"sell","createTime":1661123533608,"price":"0.9997","id":"60013780","ts":1661123533613}]}
1661123533.706032: {"channel":"book_lv2","data":[{"symbol":"USDJ_USDT","createTime":1661123533608,"asks":[],"bids":[["0.9997","0.1253"]],"lastId":74231,"id":74232,"ts":1661123533676}],"action":"update"}
1661123533.929396: {"channel":"book_lv2","data":[{"symbol":"BTC_USDT","createTime":1661123533894,"asks":[["21614.46","0.679672"]],"bids":[],"lastId":4485771,"id":4485772,"ts":1661123533899}],"action":"update"}
1661123533.929507: {"channel":"trades","data":[{"symbol":"BTC_USDT","amount":"7.08954288","quantity":"0.000328","takerSide":"buy","createTime":1661123533894,"price":"21614.46","id":"60184116","ts":1661123533899}]}
1661123533.948579: {"channel":"book_lv2","data":[{"symbol":"BTC_USDT","createTime":1661123533898,"asks":[["21660.33","0"],["21660.34","0.3400"]],"bids":[],"lastId":4485772,"id":4485773,"ts":1661123533915}],"action":"update"}
1661123535.045242: {"channel":"book_lv2","data":[{"symbol":"SOL_USDT","createTime":1661123535011,"asks":[],"bids":[["36.35","77.059778"],["17","0"]],"lastId":1838418,"id":1838419,"ts":1661123535015}],"action":"update"}
1661123536.200304: {"channel":"book_lv2","data":[{"symbol":"BCH_USDT","createTime":1661123536163,"asks":[],"bids":[["119.93","0"],["97.33","0.019589"]],"lastId":1090033,"id":1090034,"ts":1661123536168}],"action":"update"}
1661123536.256989: {"channel":"book_lv2","data":[{"symbol":"BCH_USDT","createTime":1661123536212,"asks":[],"bids":[["119.94","0"],["96.8","0.154958"]],"lastId":1090034,"id":1090035,"ts":1661123536227}],"action":"update"}
1661123536.2779992: {"channel":"book_lv2","data":[{"symbol":"GRT_USDT","createTime":1661123536242,"asks":[],"bids":[["0.1023","460"],["0.0004","0"]],"lastId":261154,"id":261155,"ts":1661123536246}],"action":"update"}
1661123536.311685: {"channel":"book_lv2","data":[{"symbol":"BCH_USDT","createTime":1661123536272,"asks":[["120.07","0.100842"],["154.98","0"]],"bids":[],"lastId":1090035,"id":1090036,"ts":1661123536276}],"action":"update"}
1661123536.3182569: {"channel":"book_lv2","data":[{"symbol":"BCH_USDT","createTime":1661123536280,"asks":[],"bids":[["119.64","48.546952"],["96.8","0"]],"lastId":1090036,"id":1090037,"ts":1661123536285}],"action":"update"}
1661123536.3540149: {"channel":"book_lv2","data":[{"symbol":"BCH_USDT","createTime":1661123536317,"asks":[["120.24","0"],["154.98","10"]],"bids":[],"lastId":1090037,"id":1090038,"ts":1661123536321}],"action":"update"}
1661123536.682986: {"channel":"book_lv2","data":[{"symbol":"BCH_USDT","createTime":1661123536567,"asks":[["121.53","0"],["155","0.761494"]],"bids":[],"lastId":1090038,"id":1090039,"ts":1661123536572}],"action":"update"}
1661123536.7283049: {"channel":"book_lv2","data":[{"symbol":"BCH_USDT","createTime":1661123536692,"asks":[["129.99","0.143766"],["155","0"]],"bids":[],"lastId":1090039,"id":1090040,"ts":1661123536697}],"action":"update"}
1661123536.988802: {"channel":"book_lv2","data":[{"symbol":"BCH_BTC","createTime":1661123536906,"asks":[],"bids":[["0.005531","0"],["0.00503","20"]],"lastId":1432826,"id":1432827,"ts":1661123536913}],"action":"update"}
1661123536.998927: {"channel":"book_lv2","data":[{"symbol":"BCH_BTC","createTime":1661123536961,"asks":[],"bids":[["0.005532","0"],["0.005012","3.00"]],"lastId":1432827,"id":1432828,"ts":1661123536966}],"action":"update"}
1661123537.0585642: {"channel":"book_lv2","data":[{"symbol":"BCH_BTC","createTime":1661123537021,"asks":[],"bids":[["0.00553","9.73"],["0.005012","0"]],"lastId":1432828,"id":1432829,"ts":1661123537027}],"action":"update"}
1661123537.075955: {"channel":"book_lv2","data":[{"symbol":"SOL_USDT","createTime":1661123537021,"asks":[],"bids":[["36.64","23.416953"],["19.24","0"]],"lastId":1838419,"id":1838420,"ts":1661123537043}],"action":"update"}
1661123537.1238039: {"channel":"book_lv2","data":[{"symbol":"BTC_USDT","createTime":1661123537021,"asks":[["21616.87","0.340000"]],"bids":[],"lastId":4485773,"id":4485783,"ts":1661123537092}],"action":"update"}
1661123537.1729012: {"channel":"book_lv2","data":[{"symbol":"BCH_BTC","createTime":1661123537137,"asks":[["0.005899","0"],["0.006279","1.97"]],"bids":[],"lastId":1432829,"id":1432830,"ts":1661123537142}],"action":"update"}
1661123537.300283: {"channel":"book_lv2","data":[{"symbol":"BCH_BTC","createTime":1661123537266,"asks":[["0.005704","0.51"],["0.006279","0"]],"bids":[],"lastId":1432830,"id":1432831,"ts":1661123537270}],"action":"update"}
1661123537.601072: {"channel":"book_lv2","data":[{"symbol":"BTC_USDT","createTime":1661123537554,"asks":[["21657.9","0.002235"],["21660.34","0"]],"bids":[],"lastId":4485783,"id":4485785,"ts":1661123537559}],"action":"update"}
1661123537.766527: {"channel":"book_lv2","data":[{"symbol":"BTC_USDT","createTime":1661123537731,"asks":[["21630.1","1.302584"],["21657.91","0"]],"bids":[],"lastId":4485785,"id":4485786,"ts":1661123537736}],"action":"update"}
1661123538.217006: {"channel":"book_lv2","data":[{"symbol":"BTC_USDT","createTime":1661123538085,"asks":[["21657.9","0"],["21657.91","0.34"]],"bids":[],"lastId":4485786,"id":4485787,"ts":1661123538090}],"action":"update"}
1661123538.217123: {"channel":"book_lv2","data":[{"symbol":"BCH_BTC","createTime":1661123538130,"asks":[["0.005704","0"],["0.006279","1.97"]],"bids":[],"lastId":1432831,"id":1432832,"ts":1661123538135}],"action":"update"}
1661123538.256447: {"channel":"book_lv2","data":[{"symbol":"BTC_USDT","createTime":1661123538207,"asks":[["21646.32","0.002235"],["21657.91","0"]],"bids":[],"lastId":4485787,"id":4485788,"ts":1661123538217}],"action":"update"}
1661123538.295362: {"channel":"book_lv2","data":[{"symbol":"BCH_BTC","createTime":1661123538258,"asks":[["0.005899","0.51"],["0.006279","0"]],"bids":[],"lastId":1432832,"id":1432833,"ts":1661123538264}],"action":"update"}
1661123538.83165: {"channel":"book_lv2","data":[{"symbol":"BTC_USDT","createTime":1661123538676,"asks":[["21614.46","0.689672"]],"bids":[],"lastId":4485788,"id":4485789,"ts":1661123538681}],"action":"update"}
1661123538.8317592: {"channel":"book_lv2","data":[{"symbol":"BTC_USDT","createTime":1661123538699,"asks":[["21645.38","0.107636"],["21653.97","0"]],"bids":[],"lastId":4485789,"id":4485790,"ts":1661123538711}],"action":"update"}
1661123538.831813: {"channel":"book_lv2","data":[{"symbol":"BTC_USDT","createTime":1661123538726,"asks":[],"bids":[["21608.82","0"],["21544.9","0.212"]],"lastId":4485790,"id":4485791,"ts":1661123538732}],"action":"update"}
1661123538.8628118: {"channel":"book_lv2","data":[{"symbol":"BTC_USDT","createTime":1661123538828,"asks":[],"bids":[["21614.45","0.34"]],"lastId":4485791,"id":4485792,"ts":1661123538833}],"action":"update"}
1661123538.865937: {"channel":"book_lv2","data":[{"symbol":"BTC_USDT","createTime":1661123538829,"asks":[],"bids":[["21614.45","0"],["21544.15","0.273958"]],"lastId":4485792,"id":4485793,"ts":1661123538836}],"action":"update"}
1661123538.8729851: {"channel":"book_lv2","data":[{"symbol":"BCH_USDT","createTime":1661123538837,"asks":[["121.1","0"],["155","0.761494"]],"bids":[],"lastId":1090040,"id":1090041,"ts":1661123538842}],"action":"update"}
1661123538.9029288: {"channel":"book_lv2","data":[{"symbol":"BTC_USDT","createTime":1661123538867,"asks":[["21613.38","0.34"],["21653.6","0"]],"bids":[],"lastId":4485793,"id":4485794,"ts":1661123538872}],"action":"update"}
1661123538.994619: {"channel":"book_lv2","data":[{"symbol":"BCH_USDT","createTime":1661123538960,"asks":[["120.75","10.1"],["155","0"]],"bids":[],"lastId":1090041,"id":1090042,"ts":1661123538965}],"action":"update"}
1661123539.13633: {"channel":"book_lv2","data":[{"symbol":"BTC_USDT","createTime":1661123539096,"asks":[["21646.32","0"],["21653.6","0.34"]],"bids":[],"lastId":4485794,"id":4485796,"ts":1661123539101}],"action":"update"}
1661123539.2178009: {"channel":"book_lv2","data":[{"symbol":"BTC_USDT","createTime":1661123539123,"asks":[["21630.1","0"],["21657.91","0.34"]],"bids":[],"lastId":4485796,"id":4485797,"ts":1661123539187}],"action":"update"}
1661123539.219509: {"channel":"book_lv2","data":[{"symbol":"BTC_USDT","createTime":1661123539154,"asks":[],"bids":[["21612.26","0"],["21539.26","0.34"]],"lastId":4485797,"id":4485798,"ts":1661123539189}],"action":"update"}
1661123539.2280588: {"channel":"book_lv2","data":[{"symbol":"BTC_USDT","createTime":1661123539174,"asks":[],"bids":[["21610.09","0.34"],["21539.26","0"]],"lastId":4485798,"id":4485799,"ts":1661123539193}],"action":"update"}
1661123539.249432: {"channel":"book_lv2","data":[{"symbol":"BTC_USDT","createTime":1661123539214,"asks":[["21639.58","0.002235"],["21657.91","0"]],"bids":[],"lastId":4485799,"id":4485800,"ts":1661123539219}],"action":"update"}
1661123539.255944: {"channel":"book_lv2","data":[{"symbol":"BTC_USDT","createTime":1661123539220,"asks":[],"bids":[["21602.41","0.680000"]],"lastId":4485800,"id":4485801,"ts":1661123539225}],"action":"update"}
1661123539.2827609: {"channel":"book_lv2","data":[{"symbol":"BTC_USDT","createTime":1661123539232,"asks":[["21614.46","0.679672"]],"bids":[],"lastId":4485801,"id":4485803,"ts":1661123539251}],"action":"update"}
1661123539.290998: {"channel":"book_lv2","data":[{"symbol":"BTC_USDT","createTime":1661123539240,"asks":[],"bids":[["21544.9","0"],["21539.26","0.34"]],"lastId":4485803,"id":4485806,"ts":1661123539259}],"action":"update"}
1661123539.301368: {"channel":"book_lv2","data":[{"symbol":"BTC_USDT","createTime":1661123539264,"asks":[],"bids":[["21567.6","0.441"],["21539.26","0"]],"lastId":4485806,"id":4485808,"ts":1661123539271}],"action":"update"}
1661123539.3027148: {"channel":"book_lv2","data":[{"symbol":"BTC_USDT","createTime":1661123539264,"asks":[["21644.3","0.212"],["21653.6","0"]],"bids":[],"lastId":4485808,"id":4485809,"ts":1661123539273}],"action":"update"}
1661123539.315992: {"channel":"book_lv2","data":[{"symbol":"BTC_USDT","createTime":1661123539264,"asks":[],"bids":[["21583.8","0.212"],["21544.15","0"]],"lastId":4485809,"id":4485810,"ts":1661123539276}],"action":"update"}
1661123539.482769: {"channel":"book_lv2","data":[{"symbol":"BTC_USDT","createTime":1661123539447,"asks":[["21644.3","0.424"]],"bids":[],"lastId":4485810,"id":4485811,"ts":1661123539452}],"action":"update"}
1661123539.48421: {"channel":"book_lv2","data":[{"symbol":"BTC_USDT","createTime":1661123539450,"asks":[],"bids":[["21567.6","0.882"]],"lastId":4485811,"id":4485812,"ts":1661123539454}],"action":"update"}
1661123539.4973838: {"channel":"book_lv2","data":[{"symbol":"BTC_USDT","createTime":1661123539462,"asks":[],"bids":[["21610.09","0"],["21544.15","0.273958"]],"lastId":4485812,"id":4485814,"ts":1661123539467}],"action":"update"}
1661123539.5186791: {"channel":"book_lv2","data":[{"symbol":"BTC_USDT","createTime":1661123539476,"asks":[],"bids":[["21607.92","0.34"],["21544.15","0"]],"lastId":4485814,"id":4485815,"ts":1661123539481}],"action":"update"}
1661123539.520882: {"channel":"book_lv2","data":[{"symbol":"BTC_USDT","createTime":1661123539477,"asks":[],"bids":[["21583.8","0.424"]],"lastId":4485815,"id":4485816,"ts":1661123539484}],"action":"update"}
1661123539.524093: {"channel":"book_lv2","data":[{"symbol":"BTC_USDT","createTime":1661123539483,"asks":[],"bids":[["21605.75","0.34"],["21548.03","0"]],"lastId":4485816,"id":4485817,"ts":1661123539488}],"action":"update"}
1661123539.561557: {"channel":"book_lv2","data":[{"symbol":"BTC_USDT","createTime":1661123539526,"asks":[],"bids":[["21607.92","0"],["21548.03","0.34"]],"lastId":4485817,"id":4485818,"ts":1661123539531}],"action":"update"}
1661123539.574489: {"channel":"book_lv2","data":[{"symbol":"BTC_USDT","createTime":1661123539538,"asks":[],"bids":[["21583.8","0.212"]],"lastId":4485818,"id":4485819,"ts":1661123539542}],"action":"update"}
1661123539.58268: {"channel":"book_lv2","data":[{"symbol":"SOL_USDT","createTime":1661123539548,"asks":[["36.792","353.838425"],["47","0"]],"bids":[],"lastId":1838420,"id":1838421,"ts":1661123539552}],"action":"update"}
1661123539.582745: {"channel":"book_lv2","data":[{"symbol":"BTC_USDT","createTime":1661123539547,"asks":[],"bids":[["21589.5","0"],["21544.15","0.273958"]],"lastId":4485819,"id":4485820,"ts":1661123539553}],"action":"update"}
1661123539.596837: {"channel":"book_lv2","data":[{"symbol":"BTC_USDT","createTime":1661123539562,"asks":[["21644.3","0.212"]],"bids":[],"lastId":4485820,"id":4485822,"ts":1661123539567}],"action":"update"}
1661123539.607527: {"channel":"book_lv2","data":[{"symbol":"BTC_USDT","createTime":1661123539573,"asks":[],"bids":[["21567.6","0.441"]],"lastId":4485822,"id":4485823,"ts":1661123539578}],"action":"update"}
1661123539.6122649: {"channel":"book_lv2","data":[{"symbol":"BCH_USDT","createTime":1661123539578,"asks":[],"bids":[["119.63","0"],["96.8","0.154958"]],"lastId":1090042,"id":1090043,"ts":1661123539583}],"action":"update"}
1661123539.668229: {"channel":"book_lv2","data":[{"symbol":"BCH_USDT","createTime":1661123539626,"asks":[],"bids":[["119.64","0"],["96.36","0.018788"]],"lastId":1090043,"id":1090044,"ts":1661123539631}],"action":"update"}
1661123539.712126: {"channel":"book_lv2","data":[{"symbol":"BTC_USDT","createTime":1661123539636,"asks":[["21621.1","0.002406"],["21651.42","0"]],"bids":[],"lastId":4485823,"id":4485826,"ts":1661123539679}],"action":"update"}
1661123539.731479: {"channel":"book_lv2","data":[{"symbol":"BCH_USDT","createTime":1661123539696,"asks":[],"bids":[["119.57","0.419188"],["96.36","0"]],"lastId":1090044,"id":1090045,"ts":1661123539702}],"action":"update"}
1661123539.7724202: {"channel":"book_lv2","data":[{"symbol":"BCH_USDT","createTime":1661123539737,"asks":[],"bids":[["119.63","48.55117"],["96.8","0"]],"lastId":1090045,"id":1090046,"ts":1661123539742}],"action":"update"}
1661123539.776875: {"channel":"book_lv2","data":[{"symbol":"BTC_USDT","createTime":1661123539741,"asks":[["21639.58","0"],["21651.42","0.34"]],"bids":[],"lastId":4485826,"id":4485827,"ts":1661123539746}],"action":"update"}
1661123539.8803651: {"channel":"book_lv2","data":[{"symbol":"BTC_USDT","createTime":1661123539843,"asks":[],"bids":[["21596.02","1.042458"],["21544.15","0"]],"lastId":4485827,"id":4485831,"ts":1661123539849}],"action":"update"}
1661123539.9028502: {"channel":"book_lv2","data":[{"symbol":"BTC_USDT","createTime":1661123539866,"asks":[["21649.24","0.002235"],["21651.42","0"]],"bids":[],"lastId":4485831,"id":4485832,"ts":1661123539871}],"action":"update"}
1661123540.266409: {"channel":"book_lv2","data":[{"symbol":"BTC_USDT","createTime":1661123540179,"asks":[["21621.1","0"],["21651.42","0.34"]],"bids":[],"lastId":4485832,"id":4485835,"ts":1661123540188}],"action":"update"}
1661123540.279351: {"channel":"book_lv2","data":[{"symbol":"BTC_USDT","createTime":1661123540244,"asks":[["21613.37","0.00076"],["21651.42","0"]],"bids":[],"lastId":4485835,"id":4485836,"ts":1661123540249}],"action":"update"}
1661123540.293517: {"channel":"book_lv2","data":[{"symbol":"BTC_USDT","createTime":1661123540258,"asks":[],"bids":[["21594.11","0"],["21544.15","0.273958"]],"lastId":4485836,"id":4485837,"ts":1661123540263}],"action":"update"}
1661123540.3811991: {"channel":"book_lv2","data":[{"symbol":"SOL_USDT","createTime":1661123540345,"asks":[],"bids":[["36.568","0"],["19.24","0.779625"]],"lastId":1838421,"id":1838422,"ts":1661123540350}],"action":"update"}
1661123540.445099: {"channel":"book_lv2","data":[{"symbol":"BTC_USDT","createTime":1661123540408,"asks":[],"bids":[["21605.75","0.68"]],"lastId":4485837,"id":4485839,"ts":1661123540414}],"action":"update"}
1661123541.290889: {"channel":"book_lv2","data":[{"symbol":"BTC_USDT","createTime":1661123541229,"asks":[["21610.94","0.01"],["21649.4","0"]],"bids":[],"lastId":4485839,"id":4485840,"ts":1661123541234}],"action":"update"}
1661123541.291005: {"channel":"book_lv2","data":[{"symbol":"BTC_USDT","createTime":1661123541252,"asks":[["21605.76","0.34"],["21649.25","0"]],"bids":[],"lastId":4485840,"id":4485842,"ts":1661123541258}],"action":"update"}
1661123541.31327: {"channel":"book_lv2","data":[{"symbol":"BTC_USDT","createTime":1661123541277,"asks":[["21614.46","0.339672"]],"bids":[],"lastId":4485842,"id":4485843,"ts":1661123541282}],"action":"update"}
1661123541.326442: {"channel":"book_lv2","data":[{"symbol":"BTC_USDT","createTime":1661123541290,"asks":[["21605.76","0.68"]],"bids":[],"lastId":4485843,"id":4485844,"ts":1661123541295}],"action":"update"}
1661123541.343447: {"channel":"book_lv2","data":[{"symbol":"BTC_USDT","createTime":1661123541298,"asks":[],"bids":[["21582.7","0.7"],["21544.15","0"]],"lastId":4485844,"id":4485845,"ts":1661123541312}],"action":"update"}
1661123541.429002: {"channel":"book_lv2","data":[{"symbol":"SOL_USDT","createTime":1661123541394,"asks":[["36.777","3.227617"],["46.64","0"]],"bids":[],"lastId":1838422,"id":1838423,"ts":1661123541399}],"action":"update"}
1661123541.465191: {"channel":"book_lv2","data":[{"symbol":"SOL_USDT","createTime":1661123541430,"asks":[["36.793","0"],["46.64","0.229763"]],"bids":[],"lastId":1838423,"id":1838424,"ts":1661123541435}],"action":"update"}
1661123541.496612: {"channel":"book_lv2","data":[{"symbol":"SOL_USDT","createTime":1661123541460,"asks":[["36.792","0"],["47","1"]],"bids":[],"lastId":1838424,"id":1838425,"ts":1661123541465}],"action":"update"}
1661123541.607466: {"channel":"book_lv2","data":[{"symbol":"USDJ_USDT","createTime":1661123541571,"asks":[],"bids":[["0.9997","0"],["0.0979","18386.3125"]],"lastId":74232,"id":74233,"ts":1661123541576}],"action":"update"}
1661123541.746124: {"channel":"book_lv2","data":[{"symbol":"SOL_USDT","createTime":1661123541703,"asks":[],"bids":[["36.639","0"],["17","1.764705"]],"lastId":1838425,"id":1838426,"ts":1661123541715}],"action":"update"}
1661123541.892728: {"channel":"book_lv2","data":[{"symbol":"BTC_USDT","createTime":1661123541857,"asks":[["21614.45","0.001027"],["21649.24","0"]],"bids":[],"lastId":4485845,"id":4485846,"ts":1661123541862}],"action":"update"}
1661123541.97737: {"channel":"book_lv2","data":[{"symbol":"SOL_USDT","createTime":1661123541942,"asks":[],"bids":[["36.608","65.404642"],["17","0"]],"lastId":1838426,"id":1838427,"ts":1661123541946}],"action":"update"}
1661123542.0573251: {"channel":"book_lv2","data":[{"symbol":"BTC_USDT","createTime":1661123542011,"asks":[],"bids":[["21598.74","0.743889"],["21548.03","0"]],"lastId":4485846,"id":4485847,"ts":1661123542026}],"action":"update"}
1661123542.269879: {"channel":"book_lv2","data":[{"symbol":"BCH_BTC","createTime":1661123542235,"asks":[["0.005705","0"],["0.006279","1.97"]],"bids":[],"lastId":1432833,"id":1432834,"ts":1661123542240}],"action":"update"}
1661123542.2893271: {"channel":"book_lv2","data":[{"symbol":"GRT_USDT","createTime":1661123542254,"asks":[],"bids":[["0.1023","0"],["0.0004","10000"]],"lastId":261155,"id":261156,"ts":1661123542259}],"action":"update"}
1661123542.485836: {"channel":"book_lv2","data":[{"symbol":"BTC_USDT","createTime":1661123542451,"asks":[],"bids":[["21605.75","0.34"]],"lastId":4485847,"id":4485848,"ts":1661123542456}],"action":"update"}
1661123542.4890728: {"channel":"book_lv2","data":[{"symbol":"BTC_USDT","createTime":1661123542453,"asks":[],"bids":[["21605.75","0"],["21548.03","0.34"]],"lastId":4485848,"id":4485849,"ts":1661123542459}],"action":"update"}
1661123542.544048: {"channel":"book_lv2","data":[{"symbol":"BTC_USDT","createTime":1661123542508,"asks":[["21610.94","0"],["21649.24","0.002235"]],"bids":[],"lastId":4485849,"id":4485850,"ts":1661123542513}],"action":"update"}
1661123542.553909: {"channel":"book_lv2","data":[{"symbol":"BTC_USDT","createTime":1661123542518,"asks":[["21605.39","0.01"],["21649.24","0"]],"bids":[],"lastId":4485850,"id":4485851,"ts":1661123542524}],"action":"update"}
1661123542.5973818: {"channel":"book_lv2","data":[{"symbol":"BTC_USDT","createTime":1661123542560,"asks":[["21613.38","0"],["21649.24","0.002235"]],"bids":[],"lastId":4485851,"id":4485853,"ts":1661123542566}],"action":"update"}
1661123542.6019: {"channel":"book_lv2","data":[{"symbol":"BTC_USDT","createTime":1661123542569,"asks":[["21602.42","0.34"],["21649.24","0"]],"bids":[],"lastId":4485853,"id":4485854,"ts":1661123542572}],"action":"update"}
1661123542.6114979: {"channel":"book_lv2","data":[{"symbol":"BTC_USDT","createTime":1661123542571,"asks":[["21604.31","0.34"],["21646.33","0"]],"bids":[],"lastId":4485854,"id":4485855,"ts":1661123542578}],"action":"update"}
1661123542.626195: {"channel":"book_lv2","data":[{"symbol":"BTC_USDT","createTime":1661123542590,"asks":[["21604.31","0"],["21646.33","0.34"]],"bids":[],"lastId":4485855,"id":4485856,"ts":1661123542595}],"action":"update"}
1661123542.631447: {"channel":"book_lv2","data":[{"symbol":"BTC_USDT","createTime":1661123542591,"asks":[["21605.76","0.34"]],"bids":[],"lastId":4485856,"id":4485857,"ts":1661123542598}],"action":"update"}
1661123542.671989: {"channel":"trades","data":[{"symbol":"BTC_USDT","amount":"49.7935781","quantity":"0.002305","takerSide":"buy","createTime":1661123542635,"price":"21602.42","id":"60184117","ts":1661123542641}]}
1661123542.707772: {"channel":"book_lv2","data":[{"symbol":"BTC_USDT","createTime":1661123542607,"asks":[["21602.42","0.68"]],"bids":[],"lastId":4485857,"id":4485858,"ts":1661123542677}],"action":"update"}
1661123542.712888: {"channel":"book_lv2","data":[{"symbol":"BTC_USDT","createTime":1661123542635,"asks":[["21602.42","0.677695"]],"bids":[],"lastId":4485858,"id":4485860,"ts":1661123542682}],"action":"update"}
1661123542.7988548: {"channel":"book_lv2","data":[{"symbol":"SOL_USDT","createTime":1661123542756,"asks":[["36.776","24.258596"],["47","0"]],"bids":[],"lastId":1838427,"id":1838428,"ts":1661123542760}],"action":"update"}
1661123542.888525: {"channel":"book_lv2","data":[{"symbol":"BCH_USDT","createTime":1661123542854,"asks":[],"bids":[["119.57","0"],["96.8","0.154958"]],"lastId":1090046,"id":1090047,"ts":1661123542858}],"action":"update"}
1661123543.0458372: {"channel":"book_lv2","data":[{"symbol":"BCH_USDT","createTime":1661123543010,"asks":[],"bids":[["119.53","0.375638"],["96.8","0"]],"lastId":1090047,"id":1090048,"ts":1661123543015}],"action":"update"}
1661123543.345249: {"channel":"book_lv2","data":[{"symbol":"BTC_USDT","createTime":1661123543302,"asks":[["21613.37","0"],["21649.25","0.34"]],"bids":[],"lastId":4485860,"id":4485863,"ts":1661123543311}],"action":"update"}
1661123543.356312: {"channel":"book_lv2","data":[{"symbol":"SOL_USDT","createTime":1661123543321,"asks":[["36.776","0"],["47","1"]],"bids":[],"lastId":1838428,"id":1838429,"ts":1661123543326}],"action":"update"}
1661123543.4329522: {"channel":"book_lv2","data":[{"symbol":"BTC_USDT","createTime":1661123543392,"asks":[],"bids":[["21598.74","0"],["21544.15","0.273958"]],"lastId":4485863,"id":4485864,"ts":1661123543397}],"action":"update"}
1661123543.7496672: {"channel":"book_lv2","data":[{"symbol":"BTC_USDT","createTime":1661123543607,"asks":[],"bids":[["21596.02","0"],["21541.5","0.424"]],"lastId":4485864,"id":4485865,"ts":1661123543672}],"action":"update"}
1661123544.055273: {"channel":"book_lv2","data":[{"symbol":"BTC_USDT","createTime":1661123544003,"asks":[],"bids":[["21587.11","0.933041"],["21541.5","0"]],"lastId":4485865,"id":4485867,"ts":1661123544013}],"action":"update"}
1661123544.251968: {"channel":"book_lv2","data":[{"symbol":"BCH_USDT","createTime":1661123544216,"asks":[["120.07","0"],["155","0.761494"]],"bids":[],"lastId":1090048,"id":1090049,"ts":1661123544221}],"action":"update"}
1661123544.2903821: {"channel":"book_lv2","data":[{"symbol":"SOL_USDT","createTime":1661123544254,"asks":[["36.859","0"],["47.4","0.038749"]],"bids":[],"lastId":1838429,"id":1838430,"ts":1661123544258}],"action":"update"}
1661123544.29459: {"channel":"book_lv2","data":[{"symbol":"BTC_USDT","createTime":1661123544259,"asks":[["21605.39","0"],["21649.4","0.05435"]],"bids":[],"lastId":4485867,"id":4485869,"ts":1661123544264}],"action":"update"}
1661123544.3120792: {"channel":"book_lv2","data":[{"symbol":"BTC_USDT","createTime":1661123544275,"asks":[],"bids":[["21602.41","0.340000"]],"lastId":4485869,"id":4485870,"ts":1661123544281}],"action":"update"}
1661123544.318486: {"channel":"book_lv2","data":[{"symbol":"BCH_USDT","createTime":1661123544279,"asks":[["120.24","14.101117"],["155","0"]],"bids":[],"lastId":1090049,"id":1090050,"ts":1661123544284}],"action":"update"}
1661123544.324461: {"channel":"book_lv2","data":[{"symbol":"BTC_USDT","createTime":1661123544287,"asks":[],"bids":[["21602.41","0"],["21541.5","0.424"]],"lastId":4485870,"id":4485871,"ts":1661123544292}],"action":"update"}
1661123544.372884: {"channel":"book_lv2","data":[{"symbol":"BCH_USDT","createTime":1661123544338,"asks":[],"bids":[["119.87","0.061935"],["97.33","0"]],"lastId":1090050,"id":1090051,"ts":1661123544343}],"action":"update"}
1661123544.395495: {"channel":"book_lv2","data":[{"symbol":"BTC_USDT","createTime":1661123544358,"asks":[["21622.14","0.002308"],["21649.4","0"]],"bids":[],"lastId":4485871,"id":4485872,"ts":1661123544363}],"action":"update"}
1661123544.406521: {"channel":"book_lv2","data":[{"symbol":"SOL_USDT","createTime":1661123544370,"asks":[["36.83","3.3"],["47.4","0"]],"bids":[],"lastId":1838430,"id":1838431,"ts":1661123544375}],"action":"update"}
1661123544.426631: {"channel":"book_lv2","data":[{"symbol":"BCH_USDT","createTime":1661123544386,"asks":[],"bids":[["119.63","0"],["97.33","0.019589"]],"lastId":1090051,"id":1090052,"ts":1661123544391}],"action":"update"}
1661123544.500167: {"channel":"book_lv2","data":[{"symbol":"BCH_USDT","createTime":1661123544450,"asks":[],"bids":[["119.88","48.449936"],["97.33","0"]],"lastId":1090052,"id":1090053,"ts":1661123544455}],"action":"update"}
1661123544.500253: {"channel":"book_lv2","data":[{"symbol":"BTC_USDT","createTime":1661123544452,"asks":[],"bids":[["21582.7","0"],["21539.26","0.34"]],"lastId":4485872,"id":4485873,"ts":1661123544457}],"action":"update"}
1661123544.872364: {"channel":"book_lv2","data":[{"symbol":"BTC_USDT","createTime":1661123544764,"asks":[["21602.05","0.01"],["21649.25","0"]],"bids":[],"lastId":4485873,"id":4485875,"ts":1661123544769}],"action":"update"}
1661123544.8724768: {"channel":"book_lv2","data":[{"symbol":"BTC_USDT","createTime":1661123544806,"asks":[["21599.86","0.34"],["21646.33","0"]],"bids":[],"lastId":4485875,"id":4485877,"ts":1661123544814}],"action":"update"}
1661123544.8847392: {"channel":"book_lv2","data":[{"symbol":"BTC_USDT","createTime":1661123544847,"asks":[["21599.86","0.68"]],"bids":[],"lastId":4485877,"id":4485878,"ts":1661123544851}],"action":"update"}
1661123544.888542: {"channel":"book_lv2","data":[{"symbol":"BTC_USDT","createTime":1661123544853,"asks":[],"bids":[["21599.85","0.68"]],"lastId":4485878,"id":4485879,"ts":1661123544858}],"action":"update"}
1661123544.89079: {"channel":"book_lv2","data":[{"symbol":"BCH_USDT","createTime":1661123544857,"asks":[["129.99","0"],["155","0.761494"]],"bids":[],"lastId":1090053,"id":1090054,"ts":1661123544861}],"action":"update"}
1661123544.978218: {"channel":"book_lv2","data":[{"symbol":"BTC_USDT","createTime":1661123544938,"asks":[["21599.86","0.34"]],"bids":[],"lastId":4485879,"id":4485882,"ts":1661123544944}],"action":"update"}
1661123544.9845319: {"channel":"book_lv2","data":[{"symbol":"BTC_USDT","createTime":1661123544938,"asks":[["21599.86","0"],["21646.33","0.34"]],"bids":[],"lastId":4485882,"id":4485883,"ts":1661123544947}],"action":"update"}
1661123545.002541: {"channel":"book_lv2","data":[{"symbol":"BCH_USDT","createTime":1661123544966,"asks":[["121.53","0.143766"],["155","0"]],"bids":[],"lastId":1090054,"id":1090055,"ts":1661123544971}],"action":"update"}
1661123545.0131588: {"channel":"book_lv2","data":[{"symbol":"BTC_USDT","createTime":1661123544969,"asks":[["21622.14","0"],["21649.25","0.34"]],"bids":[],"lastId":4485883,"id":4485884,"ts":1661123544973}],"action":"update"}
1661123545.118141: {"channel":"book_lv2","data":[{"symbol":"BTC_USDT","createTime":1661123545082,"asks":[["21602.42","0.337695"]],"bids":[],"lastId":4485884,"id":4485886,"ts":1661123545087}],"action":"update"}
1661123545.214931: {"channel":"book_lv2","data":[{"symbol":"BTC_USDT","createTime":1661123545111,"asks":[["21602.42","0"],["21649.4","0.05435"]],"bids":[],"lastId":4485886,"id":4485887,"ts":1661123545184}],"action":"update"}
1661123545.351893: {"channel":"book_lv2","data":[{"symbol":"BCH_BTC","createTime":1661123545317,"asks":[["0.005705","0.33"],["0.006279","0"]],"bids":[],"lastId":1432834,"id":1432835,"ts":1661123545322}],"action":"update"}
1661123545.4049048: {"channel":"book_lv2","data":[{"symbol":"BTC_USDT","createTime":1661123545366,"asks":[["21602.02","0.34"],["21649.4","0"]],"bids":[],"lastId":4485887,"id":4485888,"ts":1661123545373}],"action":"update"}
1661123545.462553: {"channel":"book_lv2","data":[{"symbol":"BTC_USDT","createTime":1661123545423,"asks":[["21602.02","0.68"]],"bids":[],"lastId":4485888,"id":4485889,"ts":1661123545428}],"action":"update"}
1661123545.56646: {"channel":"book_lv2","data":[{"symbol":"BTC_USDT","createTime":1661123545532,"asks":[["21619.75","0.00235"],["21649.25","0"]],"bids":[],"lastId":4485889,"id":4485890,"ts":1661123545536}],"action":"update"}
1661123546.3335922: {"channel":"book_lv2","data":[{"symbol":"BTC_USDT","createTime":1661123546295,"asks":[],"bids":[["21575.5","0.7"],["21539.26","0"]],"lastId":4485890,"id":4485892,"ts":1661123546300}],"action":"update"}
1661123546.34421: {"channel":"book_lv2","data":[{"symbol":"BTC_USDT","createTime":1661123546301,"asks":[],"bids":[["21594.84","1.281664"],["21541.5","0"]],"lastId":4485892,"id":4485893,"ts":1661123546314}],"action":"update"}
1661123546.7160268: {"channel":"book_lv2","data":[{"symbol":"BCH_USDT","createTime":1661123546651,"asks":[],"bids":[["119.62","0"],["97.33","0.019589"]],"lastId":1090055,"id":1090056,"ts":1661123546656}],"action":"update"}
1661123546.71614: {"channel":"book_lv2","data":[{"symbol":"BCH_USDT","createTime":1661123546664,"asks":[],"bids":[["119.42","1"],["97.33","0"]],"lastId":1090056,"id":1090057,"ts":1661123546668}],"action":"update"}
1661123546.73006: {"channel":"book_lv2","data":[{"symbol":"BTC_USDT","createTime":1661123546695,"asks":[],"bids":[["21594.84","0"],["21541.5","0.424"]],"lastId":4485893,"id":4485894,"ts":1661123546700}],"action":"update"}
1661123546.850573: {"channel":"book_lv2","data":[{"symbol":"BTC_USDT","createTime":1661123546792,"asks":[["21644.3","0"],["21649.25","0.34"]],"bids":[],"lastId":4485894,"id":4485898,"ts":1661123546820}],"action":"update"}
1661123546.853267: {"channel":"book_lv2","data":[{"symbol":"BTC_USDT","createTime":1661123546793,"asks":[],"bids":[["21541.5","0.212"]],"lastId":4485898,"id":4485899,"ts":1661123546822}],"action":"update"}
1661123546.853775: {"channel":"book_lv2","data":[{"symbol":"BTC_USDT","createTime":1661123546793,"asks":[],"bids":[["21567.6","0"],["21539.26","0.34"]],"lastId":4485899,"id":4485900,"ts":1661123546824}],"action":"update"}
1661123546.863055: {"channel":"book_lv2","data":[{"symbol":"BTC_USDT","createTime":1661123546803,"asks":[],"bids":[["21583.8","0"],["21525.3","0.441"]],"lastId":4485900,"id":4485902,"ts":1661123546831}],"action":"update"}
1661123547.34421: {"channel":"book_lv2","data":[{"symbol":"BTC_USDT","createTime":1661123547301,"asks":[["21602.05","0"],["21649.4","0.05435"]],"bids":[],"lastId":4485902,"id":4485905,"ts":1661123547312}],"action":"update"}
1661123547.356132: {"channel":"book_lv2","data":[{"symbol":"BCH_BTC","createTime":1661123547320,"asks":[],"bids":[["0.005531","0.11"],["0.00503","0"]],"lastId":1432835,"id":1432836,"ts":1661123547326}],"action":"update"}
1661123547.36341: {"channel":"book_lv2","data":[{"symbol":"SOL_USDT","createTime":1661123547326,"asks":[["36.776","353.838425"],["47","0"]],"bids":[],"lastId":1838431,"id":1838432,"ts":1661123547331}],"action":"update"}
1661123547.411701: {"channel":"book_lv2","data":[{"symbol":"BCH_BTC","createTime":1661123547369,"asks":[],"bids":[["0.00553","0"],["0.00503","20"]],"lastId":1432836,"id":1432837,"ts":1661123547374}],"action":"update"}
1661123547.464612: {"channel":"book_lv2","data":[{"symbol":"BCH_BTC","createTime":1661123547427,"asks":[],"bids":[["0.005532","9.73"],["0.00503","0"]],"lastId":1432837,"id":1432838,"ts":1661123547433}],"action":"update"}
1661123547.478595: {"channel":"book_lv2","data":[{"symbol":"SOL_USDT","createTime":1661123547436,"asks":[["36.907","0"],["47","1"]],"bids":[],"lastId":1838432,"id":1838433,"ts":1661123547440}],"action":"update"}
1661123547.5899599: {"channel":"book_lv2","data":[{"symbol":"SOL_USDT","createTime":1661123547552,"asks":[["36.859","6.2"],["47","0"]],"bids":[],"lastId":1838433,"id":1838434,"ts":1661123547557}],"action":"update"}

