wss://ws.poloniex.com/ws/public <-> 1661122414.8631911
wss://ws.poloniex.com/ws/public <- 1661122415.4834108: {"event":"subscribe","channel":["book_lv2"],"symbols":["NEO_TRX","FARM_USDT","JFI_USDT","QTUM_USDT","HGET_USDT","DOGE_USDC","WRX_BTC","NFT_TRX","FTM_USDC","ETC_USDC"]}
wss://ws.poloniex.com/ws/public <- 1661122415.483499: {"event":"subscribe","channel":["trades"],"symbols":["NEO_TRX","FARM_USDT","JFI_USDT","QTUM_USDT","HGET_USDT","DOGE_USDC","WRX_BTC","NFT_TRX","FTM_USDC","ETC_USDC"]}
1661122415.605487: {"event":"subscribe","channel":"trades","symbols":["NEO_TRX","FARM_USDT","JFI_USDT","QTUM_USDT","HGET_USDT","DOGE_USDC","WRX_BTC","NFT_TRX","FTM_USDC","ETC_USDC"]}
1661122415.605514: {"event":"subscribe","channel":"book_lv2","symbols":["NEO_TRX","FARM_USDT","JFI_USDT","QTUM_USDT","HGET_USDT","DOGE_USDC","WRX_BTC","NFT_TRX","FTM_USDC","ETC_USDC"]}
1661122415.6055229: {"channel":"book_lv2","data":[{"symbol":"WRX_BTC","createTime":1661122194358,"asks":[["0.00001907","35"],["0.00001908","254"],["0.0000191","1065"],["0.00001958","709"],["0.00002","22"],["0.000022","9"],["0.000023","20"],["0.000028","16"],["0.000029","15"],["0.000035","13"],["2.7","37"]],"bids":[["0.00000911","112"],["0.00000909","45"],["0.00000111","17023"],["0.0000011","90"],["0.000001","100"],["0.00000057","100"],["0.00000015","1000"],["0.00000014","963"],["0.0000001","1000"],["0.00000008","2000"],["0.00000007","9043"],["0.00000006","16666"],["0.00000005","20000"],["0.00000004","28000"],["0.00000003","34333"],["0.00000002","60000"],["0.00000001","119638"]],"lastId":66386,"id":66387,"ts":1661122415610}],"action":"snapshot"}
1661122415.605685: {"channel":"book_lv2","data":[{"symbol":"QTUM_USDT","createTime":1661122399719,"asks":[["3.503","0.36208"],["3.545","0.34662"],["3.588","0.34247"],["3.631","0.33841"],["3.675","0.33435"],["3.719","0.33040"],["3.764","0.32644"],["3.809","0.32255"],["3.852","44.41685"],["3.855","0.31873"],["3.901","0.31496"],["3.949","0.31120"],["3.99","508.90585"],["3.996","0.30753"],["3.999","5.00125"],["4.044","0.30387"],["4.092","0.3003"],["4.141","0.29674"],["4.17","5.5"],["4.191","0.29318"]],"bids":[["3.38","0.35503"],["3.156","49.12453"],["2.8","1.42857"],["2.511","14.28608"],["2.51","7.56972"],["2.01","24.87562"],["1.901","1.57811"],["1.9","2.63157"],["1.2","8.33333"],["1.001","1.99800"],["1","5"],["0.189","52.91005"],["0.188","132.97872"],["0.186","26.70967"],["0.1","10"],["0.01","601"],["0.009","3333.33333"],["0.007","7142.85714"],["0.005","10000"],["0.003","1000"]],"lastId":93355,"id":93356,"ts":1661122415610}],"action":"snapshot"}
1661122415.6057951: {"channel":"book_lv2","data":[{"symbol":"NFT_TRX","createTime":1661122414018,"asks":[["0.00000904","9951652"],["0.000009144","246326948"],["0.000009206","354807"],["0.000009287","2038937"],["0.0000093","1193030"],["0.000009333","61057571"],["0.000009404","25198313"],["0.00000977","30347776"],["0.0000098","3162370"],["0.000009849","200028"],["0.00001002","99000999"],["0.0000104","96802"],["0.0000125","8080000"],["0.000013","453903"],["0.000014011","29246828"],["0.0000141","158310924"],["0.000017577","568925"],["0.000017581","349405927"],["0.0000177","5706214"],["0.000019999","100000000"]],"bids":[["0.000008753","1538208"],["0.000008608","19242719"],["0.000008508","44304231"],["0.000008507","228591335"],["0.0000085","12635279"],["0.00000814","1474201"],["0.000008","1251808"],["0.000007824","639059"],["0.000007823","639251952"],["0.000007739","233028096"],["0.000007655","15407731"],["0.000007615","527533"],["0.000007611","22404850"],["0.00000761","15271430"],["0.0000076","72133061"],["0.0000071","57909641"],["0.0000061","49180327"],["0.0000053","94339622"],["0.000005","2000000"],["0.0000044","113636363"]],"lastId":186781,"id":186782,"ts":1661122415610}],"action":"snapshot"}
1661122415.605911: {"channel":"book_lv2","data":[{"symbol":"HGET_USDT","createTime":1661121861377,"asks":[["0.87","23.7357"],["0.8799","358.904"],["0.88","36"],["0.8888","38"],["0.889","9"],["0.9999","10"],["1.22","88"],["1.33","80"],["1.456","98.5288"],["1.4888","10"],["1.4994","9"],["1.4995","9"],["1.4996","9"],["1.4997","9"],["1.4998","10"],["2.4","9"],["2.5","9"],["2.6","9"],["2.74","10"],["2.8","10.2932"]],"bids":[["0.4667","16.5193"],["0.4666","67.462"],["0.4502","634.7093"],["0.45","20"],["0.4335","9.2272"],["0.358","8.3798"],["0.311","6.4308"],["0.27","6.5966"],["0.2628","4.8967"],["0.202","4.9505"],["0.2019","4.953"],["0.2018","4.9555"],["0.2017","4.9579"],["0.2016","4.9604"],["0.2015","4.9628"],["0.2014","4.9653"],["0.2013","4.9678"],["0.2012","4.9702"],["0.2011","4.9727"],["0.201","4.9752"]],"lastId":41247,"id":41248,"ts":1661122415610}],"action":"snapshot"}
1661122415.606008: {"channel":"book_lv2","data":[{"symbol":"DOGE_USDC","createTime":1661122403727,"asks":[["0.0709","14.245"],["0.07291","1706.574"],["0.07327","992.75"],["0.08","500"],["0.09","1000"],["0.1","500"],["0.14","1366.847"],["0.15","33.333"],["0.16","62.5"],["0.16543","59.359"],["0.19","26.315"],["0.2","1000"],["0.24","62.5"],["0.25","45.755"],["0.28765","29.16"],["0.405","61.728"],["0.56906","181.359"],["0.66906","164.101"],["0.705","49.645"],["0.76906","130.939"]],"bids":[["0.06727","21708.692"],["0.06726","1762.095"],["0.0669","15.097"],["0.0662","30.211"],["0.066","30.303"],["0.0655","30.534"],["0.0648","3470.072"],["0.063","79.365"],["0.06247","696.370"],["0.062","42.029"],["0.0615","79.649"],["0.0607","823.723"],["0.06","2316.013"],["0.05997","833.75"],["0.056","17857"],["0.0517","967.117"],["0.05","20000"],["0.045","22222"],["0.04","25000"],["0.036","27777"]],"lastId":846433,"id":846434,"ts":1661122415610}],"action":"snapshot"}
1661122415.606118: {"channel":"book_lv2","data":[{"symbol":"FTM_USDC","createTime":1661122313400,"asks":[["0.3369","386.6205"],["0.94","67.4589"],["1","199.9276"],["1.45","89.3133"],["1.5","8.7153"],["1.9","26.3157"],["2","1"],["2.8","17.8571"],["3.9","27.0512"],["4.5","53.803"],["4.8","25"],["8.79","5.0583"],["8.7907","10"],["8.9","50.9372"],["9","2.9139"],["23.22","10"],["27.22","47.7335"],["29.9625","25"],["37.6493","10"],["39","0.7029"]],"bids":[["0.2748","431.29"],["0.1","10"],["0.0401","1468.7613"],["0.04","46.515"],["0.0201","12937.5721"],["0.0199","231.2492"],["0.01","100"],["0.0035","857.1428"],["0.0025","1000"],["0.0015","5000"],["0.001","4000"],["0.0005","210000"],["0.0004","50000"],["0.0003","66666.6666"],["0.0002","5000"],["0.0001","938747"]],"lastId":170714,"id":170715,"ts":1661122415610}],"action":"snapshot"}
1661122415.6062038: {"channel":"book_lv2","data":[{"symbol":"NEO_TRX","createTime":1661122414401,"asks":[["165.54","6.544628"],["170","0.1"],["181","0.898936"],["184","1"],["198","15.792695"],["200","5.669939"],["300","1"],["339","2"],["340","0.685"],["440","0.46"],["500","1"],["590","0.21"],["1100","1"],["5000","1"],["109999.99","0.668056"],["110000","0.58933"]],"bids":[["138.16","2.578007"],["138.15","12.663442"],["59","0.338983"],["45.01","4.450566"],["45","14.739948"],["40","20"],["35","20"],["30","20"],["29","0.344827"],["25.03","11.985217"],["25.02","4"],["25","40"],["22","30"],["20","20"],["19","0.526315"],["18.6","50"],["18.5","24.89021"],["18","50"],["16","10"],["15.01","0.532978"]],"lastId":59858,"id":59859,"ts":1661122415610}],"action":"snapshot"}
1661122415.606269: {"channel":"book_lv2","data":[{"symbol":"ETC_USDC","createTime":1661122296630,"asks":[["37.33","6.534434"],["40.8","1"],["41.3","1"],["41.77","12.520709"],["41.8","1"],["42","8.9913"],["42.3","1"],["43","1"],["43.7","0.8326"],["44.4","0.112612"],["44.5","0.022696"],["44.85","0.111482"],["45.59","1"],["46","0.1"],["46.09","1"],["46.59","1"],["47","0.1"],["47.09","1"],["47.59","1"],["47.77","3.5"]],"bids":[["30.46","7.183908"],["29.08","0.061231"],["29.01","1.268803"],["29","2.000000"],["28","1"],["25","7.769999"],["24","6.2787"],["23.8","22.409243"],["23","12"],["21","1"],["20","4.904125"],["17.08","10.344847"],["15","29.369999"],["13","0.153846"],["10","10"],["7","14.285714"],["6","0.333333"],["3.04","1.649358"],["2","25"],["1.2","10"]],"lastId":237395,"id":237396,"ts":1661122415610}],"action":"snapshot"}
1661122415.606346: {"channel":"book_lv2","data":[{"symbol":"FARM_USDT","createTime":1661122322682,"asks":[["51.2","0.055752"],["53.14","2.450524"],["60.04","0.375477"],["99","1"],["120","3"],["126.97","1.514647"],["150","0.238272"],["254","0.052389"],["400","5.100363"],["408.73","0.005"],["412.63","13.440025"],["650","0.018447"],["837.9","0.001206"],["899","8.345143"],["900","0.001122"],["6669","0.303951"],["9000","0.000112"],["83000","1.700121"],["90000","0.000151"],["55000000000","0.00934"]],"bids":[["43.25","2.745154"],["5.03","0.200795"],["5.02","0.201195"],["5.01","0.201596"],["5","0.202"],["1.12","42.08956"],["1.11","1.11"],["1.01","10"],["0.19","105.263157"],["0.18","11.111111"],["0.13","384.615384"],["0.1","10"],["0.04","5000"],["0.01","200"]],"lastId":44679,"id":44680,"ts":1661122415610}],"action":"snapshot"}
1661122415.60642: {"channel":"book_lv2","data":[{"symbol":"JFI_USDT","createTime":1661121880268,"asks":[["68.99","0.022386"],["69","0.028985"],["79.99","0.050006"],["80","0.312286"],["97.99","0.08276"],["98","1.609247"],["99","1.932458"],["100","0.034688"],["110","0.01818"],["120","0.008333"],["130","0.007692"],["140","0.007142"],["148","0.269272"],["150","0.006666"],["166.92","0.025427"],["170","0.005882"],["180","0.005555"],["187","1.609247"],["188","1.606533"],["190","0.005263"]],"bids":[["43.05","0.516055"],["43.04","0.116171"],["43","1.267114"],["36.5","0.18"],["35","0.028857"],["30","0.033666"],["25.01","0.119952"],["25","0.0404"],["20.01","0.09995"],["20","0.0505"],["0.18","480.715053"],["0.17","5.941176"],["0.16","312.5"],["0.14","25"],["0.12","25"],["0.1","25"],["0.02","200"],["0.01","2000"]],"lastId":8449,"id":8450,"ts":1661122415610}],"action":"snapshot"}
1661122415.893628: {"channel":"book_lv2","data":[{"symbol":"NEO_TRX","createTime":1661122415877,"asks":[],"bids":[["138.17","2.187188"],["15.01","0"]],"lastId":59859,"id":59860,"ts":1661122415881}],"action":"update"}
1661122416.402024: {"channel":"book_lv2","data":[{"symbol":"NEO_TRX","createTime":1661122416402,"asks":[],"bids":[["138.16","0"],["15.01","0.532978"]],"lastId":59860,"id":59861,"ts":1661122416409}],"action":"update"}
1661122416.452893: {"channel":"book_lv2","data":[{"symbol":"DOGE_USDC","createTime":1661122416456,"asks":[],"bids":[["0.06763","1752.454"],["0.036","0"]],"lastId":846434,"id":846435,"ts":1661122416461}],"action":"update"}
1661122416.532094: {"channel":"book_lv2","data":[{"symbol":"DOGE_USDC","createTime":1661122416530,"asks":[],"bids":[["0.06726","0"],["0.036","27777"]],"lastId":846435,"id":846436,"ts":1661122416535}],"action":"update"}
1661122416.532219: {"channel":"book_lv2","data":[{"symbol":"NEO_TRX","createTime":1661122416533,"asks":[],"bids":[["138.18","2.577634"],["15.01","0"]],"lastId":59861,"id":59862,"ts":1661122416538}],"action":"update"}
1661122416.9060931: {"channel":"book_lv2","data":[{"symbol":"DOGE_USDC","createTime":1661122416913,"asks":[],"bids":[["0.06727","0"],["0.033","30303"]],"lastId":846436,"id":846437,"ts":1661122416917}],"action":"update"}
1661122417.0241332: {"channel":"book_lv2","data":[{"symbol":"DOGE_USDC","createTime":1661122417026,"asks":[],"bids":[["0.06764","21589.942"],["0.033","0"]],"lastId":846437,"id":846438,"ts":1661122417030}],"action":"update"}
1661122418.014242: {"channel":"book_lv2","data":[{"symbol":"NEO_TRX","createTime":1661122418018,"asks":[],"bids":[["138.17","0"],["15.01","0.532978"]],"lastId":59862,"id":59863,"ts":1661122418023}],"action":"update"}
1661122418.368293: {"channel":"book_lv2","data":[{"symbol":"NEO_TRX","createTime":1661122418368,"asks":[],"bids":[["138.18","0"],["15","10"]],"lastId":59863,"id":59864,"ts":1661122418373}],"action":"update"}
1661122418.491325: {"channel":"book_lv2","data":[{"symbol":"NEO_TRX","createTime":1661122418494,"asks":[],"bids":[["138.16","2.578007"],["15","0"]],"lastId":59864,"id":59865,"ts":1661122418499}],"action":"update"}
1661122422.927178: {"channel":"book_lv2","data":[{"symbol":"NEO_TRX","createTime":1661122422931,"asks":[],"bids":[["138.17","2.187188"],["15.01","0"]],"lastId":59865,"id":59866,"ts":1661122422936}],"action":"update"}
1661122423.16113: {"channel":"book_lv2","data":[{"symbol":"NEO_TRX","createTime":1661122423122,"asks":[],"bids":[["138.16","0"],["15.01","0.532978"]],"lastId":59866,"id":59867,"ts":1661122423168}],"action":"update"}
1661122423.2468538: {"channel":"book_lv2","data":[{"symbol":"NEO_TRX","createTime":1661122423251,"asks":[],"bids":[["138.18","2.577634"],["15.01","0"]],"lastId":59867,"id":59868,"ts":1661122423255}],"action":"update"}
1661122423.3273: {"channel":"book_lv2","data":[{"symbol":"DOGE_USDC","createTime":1661122423334,"asks":[],"bids":[["0.06796","1743.945"],["0.036","0"]],"lastId":846438,"id":846439,"ts":1661122423338}],"action":"update"}
1661122423.375993: {"channel":"book_lv2","data":[{"symbol":"DOGE_USDC","createTime":1661122423379,"asks":[],"bids":[["0.06763","0"],["0.036","27777"]],"lastId":846439,"id":846440,"ts":1661122423383}],"action":"update"}
1661122423.675738: {"channel":"book_lv2","data":[{"symbol":"DOGE_USDC","createTime":1661122423654,"asks":[],"bids":[["0.06764","0"],["0.033","30303"]],"lastId":846440,"id":846441,"ts":1661122423669}],"action":"update"}
1661122423.784035: {"channel":"book_lv2","data":[{"symbol":"QTUM_USDT","createTime":1661122423788,"asks":[],"bids":[["3.168","48.93845"],["0.003","0"]],"lastId":93356,"id":93357,"ts":1661122423792}],"action":"update"}
1661122423.789501: {"channel":"book_lv2","data":[{"symbol":"DOGE_USDC","createTime":1661122423793,"asks":[],"bids":[["0.06797","21485.121"],["0.033","0"]],"lastId":846441,"id":846442,"ts":1661122423797}],"action":"update"}
1661122423.8293061: {"channel":"book_lv2","data":[{"symbol":"QTUM_USDT","createTime":1661122423827,"asks":[],"bids":[["3.156","0"],["0.003","1000"]],"lastId":93357,"id":93358,"ts":1661122423840}],"action":"update"}
1661122425.1096268: {"channel":"book_lv2","data":[{"symbol":"NEO_TRX","createTime":1661122425077,"asks":[],"bids":[["138.17","0"],["15.01","0.532978"]],"lastId":59868,"id":59869,"ts":1661122425081}],"action":"update"}
1661122425.3084831: {"channel":"book_lv2","data":[{"symbol":"NEO_TRX","createTime":1661122425309,"asks":[],"bids":[["138.18","0"],["15","10"]],"lastId":59869,"id":59870,"ts":1661122425317}],"action":"update"}
1661122425.3864472: {"channel":"book_lv2","data":[{"symbol":"NFT_TRX","createTime":1661122425391,"asks":[],"bids":[["0.000008753","0"],["0.000004","2500000"]],"lastId":186782,"id":186783,"ts":1661122425396}],"action":"update"}
1661122425.4329112: {"channel":"book_lv2","data":[{"symbol":"NEO_TRX","createTime":1661122425434,"asks":[],"bids":[["138.16","2.578007"],["15","0"]],"lastId":59870,"id":59871,"ts":1661122425440}],"action":"update"}
1661122429.718046: {"channel":"book_lv2","data":[{"symbol":"NFT_TRX","createTime":1661122429657,"asks":[["0.000008822","711825"],["0.000019999","0"]],"bids":[],"lastId":186783,"id":186784,"ts":1661122429662}],"action":"update"}
1661122429.845972: {"channel":"trades","data":[{"symbol":"NFT_TRX","amount":"6.27972015","quantity":"711825","takerSide":"buy","createTime":1661122429850,"price":"0.000008822","id":"60024942","ts":1661122429855}]}
1661122429.846081: {"channel":"book_lv2","data":[{"symbol":"NFT_TRX","createTime":1661122429850,"asks":[["0.000008822","0"],["0.000019999","100000000"]],"bids":[["0.000008822","7566"],["0.000004","0"]],"lastId":186784,"id":186785,"ts":1661122429855}],"action":"update"}
1661122430.2262762: {"channel":"book_lv2","data":[{"symbol":"NEO_TRX","createTime":1661122430151,"asks":[],"bids":[["138.17","2.187472"],["15.01","0"]],"lastId":59871,"id":59872,"ts":1661122430162}],"action":"update"}
1661122430.5369332: {"channel":"book_lv2","data":[{"symbol":"NEO_TRX","createTime":1661122430456,"asks":[],"bids":[["138.16","0"],["15.01","0.532978"]],"lastId":59872,"id":59873,"ts":1661122430460}],"action":"update"}
1661122430.587784: {"channel":"book_lv2","data":[{"symbol":"NEO_TRX","createTime":1661122430593,"asks":[],"bids":[["138.18","2.577634"],["15.01","0"]],"lastId":59873,"id":59874,"ts":1661122430597}],"action":"update"}
1661122432.379888: {"channel":"book_lv2","data":[{"symbol":"NEO_TRX","createTime":1661122432319,"asks":[],"bids":[["138.17","0"],["15.01","0.532978"]],"lastId":59874,"id":59875,"ts":1661122432323}],"action":"update"}
1661122432.890348: {"channel":"book_lv2","data":[{"symbol":"NEO_TRX","createTime":1661122432796,"asks":[],"bids":[["138.18","0"],["15","10"]],"lastId":59875,"id":59876,"ts":1661122432800}],"action":"update"}
1661122432.916447: {"channel":"book_lv2","data":[{"symbol":"NEO_TRX","createTime":1661122432920,"asks":[],"bids":[["138.16","2.578007"],["15","0"]],"lastId":59876,"id":59877,"ts":1661122432927}],"action":"update"}
1661122434.735473: {"channel":"book_lv2","data":[{"symbol":"WRX_BTC","createTime":1661122434688,"asks":[],"bids":[["0.00000911","3"]],"lastId":66387,"id":66388,"ts":1661122434692}],"action":"update"}
1661122435.451842: {"channel":"book_lv2","data":[{"symbol":"WRX_BTC","createTime":1661122435426,"asks":[],"bids":[["0.00000111","0"]],"lastId":66388,"id":66389,"ts":1661122435431}],"action":"update"}
1661122435.57434: {"channel":"book_lv2","data":[{"symbol":"WRX_BTC","createTime":1661122435556,"asks":[],"bids":[["0.00000101","18709"]],"lastId":66389,"id":66390,"ts":1661122435582}],"action":"update"}
1661122435.800725: {"channel":"book_lv2","data":[{"symbol":"WRX_BTC","createTime":1661122435806,"asks":[],"bids":[["0.00000912","109"]],"lastId":66390,"id":66391,"ts":1661122435810}],"action":"update"}
1661122435.910932: {"channel":"book_lv2","data":[{"symbol":"WRX_BTC","createTime":1661122435916,"asks":[],"bids":[["0.00000911","0"]],"lastId":66391,"id":66392,"ts":1661122435921}],"action":"update"}
1661122436.373748: {"channel":"book_lv2","data":[{"symbol":"WRX_BTC","createTime":1661122436302,"asks":[],"bids":[["0.00000101","0"]],"lastId":66392,"id":66393,"ts":1661122436307}],"action":"update"}
1661122436.4233978: {"channel":"book_lv2","data":[{"symbol":"WRX_BTC","createTime":1661122436428,"asks":[],"bids":[["0.00000111","17023"]],"lastId":66393,"id":66394,"ts":1661122436433}],"action":"update"}
1661122436.45019: {"channel":"book_lv2","data":[{"symbol":"WRX_BTC","createTime":1661122436455,"asks":[],"bids":[["0.00000913","3"]],"lastId":66394,"id":66395,"ts":1661122436459}],"action":"update"}
1661122436.535638: {"channel":"book_lv2","data":[{"symbol":"WRX_BTC","createTime":1661122436539,"asks":[],"bids":[["0.00000913","0"]],"lastId":66395,"id":66396,"ts":1661122436544}],"action":"update"}
1661122436.674761: {"channel":"book_lv2","data":[{"symbol":"WRX_BTC","createTime":1661122436680,"asks":[],"bids":[["0.00000913","3"]],"lastId":66396,"id":66397,"ts":1661122436685}],"action":"update"}
1661122436.75139: {"channel":"book_lv2","data":[{"symbol":"WRX_BTC","createTime":1661122436756,"asks":[],"bids":[["0.00000913","0"]],"lastId":66397,"id":66398,"ts":1661122436760}],"action":"update"}
1661122437.496855: {"channel":"book_lv2","data":[{"symbol":"NEO_TRX","createTime":1661122437416,"asks":[],"bids":[["138.17","2.187472"],["15.01","0"]],"lastId":59877,"id":59878,"ts":1661122437420}],"action":"update"}
1661122437.512914: {"channel":"book_lv2","data":[{"symbol":"NFT_TRX","createTime":1661122437517,"asks":[],"bids":[["0.000008822","0"],["0.000004","2500000"]],"lastId":186785,"id":186786,"ts":1661122437521}],"action":"update"}
1661122437.587606: {"channel":"book_lv2","data":[{"symbol":"DOGE_USDC","createTime":1661122437591,"asks":[],"bids":[["0.06826","1736.28"],["0.036","0"]],"lastId":846442,"id":846443,"ts":1661122437596}],"action":"update"}
1661122437.630597: {"channel":"book_lv2","data":[{"symbol":"NFT_TRX","createTime":1661122437636,"asks":[],"bids":[["0.000008929","734608"],["0.000004","0"]],"lastId":186786,"id":186787,"ts":1661122437641}],"action":"update"}
1661122437.655497: {"channel":"book_lv2","data":[{"symbol":"NEO_TRX","createTime":1661122437604,"asks":[],"bids":[["138.16","0"],["15.01","0.532978"]],"lastId":59878,"id":59879,"ts":1661122437662}],"action":"update"}
1661122437.6556091: {"channel":"book_lv2","data":[{"symbol":"DOGE_USDC","createTime":1661122437636,"asks":[],"bids":[["0.06796","0"],["0.036","27777"]],"lastId":846443,"id":846444,"ts":1661122437664}],"action":"update"}
1661122437.735606: {"channel":"book_lv2","data":[{"symbol":"NEO_TRX","createTime":1661122437735,"asks":[],"bids":[["138.18","2.577634"],["15.01","0"]],"lastId":59879,"id":59880,"ts":1661122437740}],"action":"update"}
1661122437.833815: {"channel":"trades","data":[{"symbol":"NFT_TRX","amount":"6.559314832","quantity":"734608","takerSide":"sell","createTime":1661122437838,"price":"0.000008929","id":"60024943","ts":1661122437843}]}
1661122437.833876: {"channel":"book_lv2","data":[{"symbol":"NFT_TRX","createTime":1661122437838,"asks":[["0.000008929","22041"],["0.000019999","0"]],"bids":[["0.000008929","0"],["0.000004","2500000"]],"lastId":186787,"id":186788,"ts":1661122437844}],"action":"update"}
1661122437.959668: {"channel":"book_lv2","data":[{"symbol":"WRX_BTC","createTime":1661122437956,"asks":[],"bids":[["0.00000913","3"]],"lastId":66398,"id":66399,"ts":1661122437961}],"action":"update"}
1661122437.971189: {"channel":"book_lv2","data":[{"symbol":"DOGE_USDC","createTime":1661122437975,"asks":[],"bids":[["0.06797","0"],["0.033","30303"]],"lastId":846444,"id":846445,"ts":1661122437980}],"action":"update"}
1661122438.059333: {"channel":"book_lv2","data":[{"symbol":"WRX_BTC","createTime":1661122438064,"asks":[],"bids":[["0.00000913","0"]],"lastId":66399,"id":66400,"ts":1661122438069}],"action":"update"}
1661122438.1544058: {"channel":"book_lv2","data":[{"symbol":"DOGE_USDC","createTime":1661122438115,"asks":[],"bids":[["0.06827","21390.709"],["0.033","0"]],"lastId":846445,"id":846446,"ts":1661122438163}],"action":"update"}
1661122439.558932: {"channel":"book_lv2","data":[{"symbol":"NEO_TRX","createTime":1661122439565,"asks":[],"bids":[["138.17","0"],["15.01","0.532978"]],"lastId":59880,"id":59881,"ts":1661122439569}],"action":"update"}
1661122439.95712: {"channel":"book_lv2","data":[{"symbol":"NEO_TRX","createTime":1661122439939,"asks":[],"bids":[["138.18","0"],["15","10"]],"lastId":59881,"id":59882,"ts":1661122439944}],"action":"update"}
1661122440.074628: {"channel":"book_lv2","data":[{"symbol":"NEO_TRX","createTime":1661122440080,"asks":[],"bids":[["138.16","2.578007"],["15","0"]],"lastId":59882,"id":59883,"ts":1661122440084}],"action":"update"}
1661122440.7764668: {"channel":"book_lv2","data":[{"symbol":"WRX_BTC","createTime":1661122440711,"asks":[],"bids":[["0.00000913","3"]],"lastId":66400,"id":66401,"ts":1661122440716}],"action":"update"}
1661122440.783511: {"channel":"book_lv2","data":[{"symbol":"WRX_BTC","createTime":1661122440789,"asks":[],"bids":[["0.00000913","0"]],"lastId":66401,"id":66402,"ts":1661122440793}],"action":"update"}
1661122440.929586: {"channel":"book_lv2","data":[{"symbol":"WRX_BTC","createTime":1661122440931,"asks":[],"bids":[["0.00000913","3"]],"lastId":66402,"id":66403,"ts":1661122440935}],"action":"update"}
1661122441.0090508: {"channel":"book_lv2","data":[{"symbol":"WRX_BTC","createTime":1661122441009,"asks":[],"bids":[["0.00000913","0"]],"lastId":66403,"id":66404,"ts":1661122441017}],"action":"update"}
1661122444.769732: {"channel":"book_lv2","data":[{"symbol":"NEO_TRX","createTime":1661122444681,"asks":[],"bids":[["138.17","2.187472"],["15.01","0"]],"lastId":59883,"id":59884,"ts":1661122444686}],"action":"update"}
1661122445.180048: {"channel":"book_lv2","data":[{"symbol":"NEO_TRX","createTime":1661122445130,"asks":[],"bids":[["138.16","0"],["15.01","0.532978"]],"lastId":59884,"id":59885,"ts":1661122445161}],"action":"update"}
1661122445.2554371: {"channel":"book_lv2","data":[{"symbol":"NEO_TRX","createTime":1661122445259,"asks":[],"bids":[["138.18","2.577634"],["15.01","0"]],"lastId":59885,"id":59886,"ts":1661122445263}],"action":"update"}
1661122445.575239: {"channel":"book_lv2","data":[{"symbol":"NFT_TRX","createTime":1661122445580,"asks":[["0.000008929","0"],["0.000019999","100000000"]],"bids":[],"lastId":186788,"id":186789,"ts":1661122445585}],"action":"update"}
1661122445.67604: {"channel":"book_lv2","data":[{"symbol":"NFT_TRX","createTime":1661122445677,"asks":[["0.00000877","886625"],["0.000019999","0"]],"bids":[],"lastId":186789,"id":186790,"ts":1661122445681}],"action":"update"}
1661122445.87528: {"channel":"book_lv2","data":[{"symbol":"NFT_TRX","createTime":1661122445876,"asks":[["0.00000877","0"],["0.000019999","100000000"]],"bids":[["0.00000877","6186"],["0.000004","0"]],"lastId":186790,"id":186791,"ts":1661122445881}],"action":"update"}
